3534 5617
901 692 1081 761 ..20-

442 857 616 924 Praeterea
628 859 739 942 figura
748 857 884 923 rotundi
893 857 1019 940 aliquid
1036 856 1186 940 lautique
1199 854 1319 932 habet;
1335 858 1450 937 pectus
1461 856 1571 937 magis

402 956 577 1021 dilatatum
591 975 628 1020 ac
643 956 791 1019 molliter
812 956 1005 1032 sinuatum;
1022 961 1158 1036 tergum
1177 953 1290 1030 etiam,
1306 970 1499 1038 quanquam
1513 970 1572 1017 ne·

402 1056 571 1136 gliganter
582 1059 760 1119 tractatum
774 1054 973 1135 elisumque,
985 1052 1027 1118 ad
1037 1060 1192 1118 naturam
1200 1052 1339 1135 propius
1348 1052 1488 1127 accedit;
1502 1051 1572 1116 vul·

402 1156 456 1215 tus
467 1152 596 1234 plenior
607 1156 641 1217 et
652 1168 811 1215 mensura
821 1151 946 1232 iustior
962 1170 970 1213 :
987 1150 1203 1215 comeminus
1216 1148 1336 1230 rigida,
1351 1149 1451 1232 capiti
1462 1148 1571 1230 magis

402 1254 498 1332 npta;
523 1267 622 1314 aures
650 1250 734 1325 loco,
764 1250 882 1325 torma,
914 1248 1147 1329 magnitudine
1173 1247 1283 1328 magis
1311 1246 1566 1323 convenientes;

402 1346 485 1430 quin
500 1353 534 1411 et
548 1346 643 1430 quasi
659 1365 756 1411 mens
771 1347 938 1430 quaedem
951 1347 987 1410 in
1002 1346 1181 1410 simulacro
1200 1345 1342 1424 insidet;
1359 1362 1438 1409 nam
1454 1344 1569 1409 diduc-

402 1446 455 1520 tis,
472 1450 510 1509 ut
525 1446 632 1509 lertur
646 1446 699 1528 (l).
716 1446 894 1528 paululum
910 1444 1025 1521 labris,
1040 1443 1158 1508 mirari
1170 1462 1210 1507 aa
1231 1443 1403 1508 subridere
1426 1442 1568 1508 videtur.

441 1542 492 1609 IV.
510 1542 753 1625 Fragmentum
778 1544 880 1619 eliud,
906 1544 1014 1607 simile
1034 1542 1216 1608 admodum
1229 1541 1416 1625 eodemque
1428 1540 1502 1606 loco
1518 1540 1567 1604 in·

402 1646 553 1715 ventum,
569 1642 622 1706 his
637 1642 706 1706 iere
720 1642 831 1706 verbis
846 1642 1002 1706 describit
1016 1640 1191 1706 Hauvette.

441 1736 592 1802 Truncus
606 1745 668 1817 est,
684 1739 755 1803 sine
770 1740 887 1821 capite,
904 1738 1062 1803 umbilico
1076 1744 1174 1803 tenus
1185 1737 1363 1803 incolumis
1375 1756 1383 1813 ;
1396 1740 1471 1816 0,50
1484 1739 1571 1799 cent.

404 1837 503 1901 ultus.
519 1836 638 1902 Pectus
652 1839 811 1903 obtusum
825 1857 863 1903 nc
877 1839 969 1912 leve;
994 1837 1048 1902 cui
1069 1843 1228 1920 quattuor
1243 1838 1415 1921 utrimque
1429 1834 1570 1900 cincinni

404 1937 546 2019 desuper
559 1938 769 2021 appendent;
786 1944 930 2021 tergum,
951 1943 1024 2002 tum
1038 1937 1183 2002 laterum
1196 1936 1400 2002 rotunditate
1409 1932 1568 2014 assurgit,

403 2040 476 2099 tum
490 2036 622 2118 spinam
640 2038 738 2117 juxta
759 2038 958 2119 depressum
981 2041 1042 2113 est,
1071 2036 1160 2119 quod
1174 2040 1324 2101 extrema
1338 2034 1484 2099 romain
1497 2036 1569 2098 octo

403 2134 536 2197 ordines
550 2133 726 2199 distributa
739 2134 886 2215 attingit.

442 2230 518 2306 Sed,
531 2250 608 2295 oum
630 2232 715 2296 nibil
739 2234 781 2297 ad
806 2251 879 2298 ram
906 2232 1065 2308 conferat,
1090 2232 1171 2298 satis
1186 2231 1228 2297 sit
1247 2231 1349 2315 hujus
1362 2229 1569 2296 mentionem

402 2328 531 2394 fecisse.

442 2427 695 2511 Furtwaengler
708 2430 749 2514 (2)
771 2430 873 2495 etiam
896 2431 1008 2496 attulit
1027 2430 1167 2496 colosaei
1190 2428 1307 2513 capitis
1320 2428 1567 2510 fragmentum

402 2528 492 2611 quod
518 2534 648 2593 statuae
675 2529 808 2594 cuidam
829 2529 930 2595 simili
957 2530 1108 2595 attribuit
1116 2553 1125 2611 ;
1150 2547 1226 2612 ego,
1251 2547 1289 2594 re
1303 2527 1445 2593 minime
1469 2531 1569 2600 certa,

403 2627 626 2708 praetermisi.

442 2722 469 2789 V
483 2722 572 2806 (Tnb.
589 2724 657 2807 lll).
675 2722 750 2789 lam
764 2744 844 2791 vero
858 2725 1068 2790 luculentum
1096 2730 1246 2790 mutatae
1264 2724 1298 2789 in
1314 2724 1438 2790 melius
1452 2727 1487 2789 et
1509 2740 1568 2787 nn·

404 2824 516 2884 turem
531 2821 692 2887 imitando
706 2829 882 2905 provectae
896 2824 977 2888 artis
992 2828 1253 2889 monumentum
1262 2822 1451 2905 suppeditat
1465 2820 1570 2884 eimu-

403 2916 533 2981 lacrum
555 2918 673 2984 eodem
698 2920 771 2985 loco
808 2921 992 3005 eademque
1014 2921 1067 2985 die
1089 2938 1128 2985 ac
1146 2939 1180 2984 n.
1197 2920 1423 2985 liuventnm:
1444 2918 1480 2982 in
1502 2934 1568 3001 quo

402 3016 580 3099 paululum
603 3017 696 3082 decet
710 3018 894 3099 immorari,
919 3038 997 3084 cum
1020 3020 1187 3085 diversam
1209 3019 1382 3104 sculpendi
1403 3017 1568 3082 rationem

404 3112 569 3179 exhibeat.

444 3211 501 3276 Cui
524 3213 645 3278 desunt
665 3214 799 3280 brachia
818 3216 918 3281 ambo
938 3215 1100 3297 (ablatum
1124 3232 1233 3281 unum
1254 3220 1315 3290 est,
1332 3214 1507 3279 sinistrum
1521 3219 1569 3279 te·
1648 3230 1653 3241 ’

403 3309 507 3374 rendo
522 3328 626 3393 paene
637 3311 810 3395 deletum),
827 3332 886 3395 pes
901 3319 1042 3397 uterque
1052 3319 1085 3378 et
1098 3313 1167 3378 ime
1181 3332 1287 3378 crura.
1304 3311 1458 3395 Corporis
1469 3312 1570 3377 etiam

403 3409 492 3491 quod
510 3416 663 3492 superest
684 3412 719 3475 in
745 3411 828 3476 duas
844 3417 955 3494 partes
978 3414 1122 3477 tractum
1150 3419 1221 3490 est;
1254 3431 1350 3496 quae,
1376 3428 1569 3496 quenquam

403 3508 490 3571 inter
504 3525 540 3572 se
555 3509 768 3589 conveniunt,
794 3530 863 3575 non
876 3516 954 3594 apte
979 3516 1269 3592 coagmentantur.
1291 3510 1390 3594 Lapis
1410 3510 1568 3593 undique,

403 3609 477 3669 tum
491 3606 637 3671 maxime
652 3626 717 3691 qua
731 3614 846 3691 pectus
861 3613 943 3689 erat,
962 3614 995 3674 et
1008 3625 1170 3673 saxorum
1183 3609 1300 3673 attritu
1314 3608 1428 3685 elisua,
1445 3612 1479 3672 et
1492 3606 1570 3691 plu·

402 3702 477 3766 vine
498 3702 662 3770 stillicidio
675 3723 792 3771 erosue
806 3713 867 3771 est.

442 3800 586 3881 Signum
600 3810 802 3886 argumento
832 3824 910 3870 cum
930 3805 1099 3889 prioribus
1127 3803 1302 3880 convenit3
1321 3803 1381 3869 sed
1395 3809 1429 3868 et
1442 3801 1566 3867 sinistri

403 3902 500 3981 gestu
522 3898 660 3975 brachii,
677 3908 711 3966 et
725 3904 835 3985 specie
851 3923 891 3969 ac
903 3905 1015 3985 figura
1029 3905 1102 3986 ipsa
1117 3904 1267 3987 corporis
1282 3902 1454 3968 diversum
1467 3906 1529 3967 est.

442 3994 537 4073 Nam,
552 4015 630 4063 cum
646 4000 681 4062 in
696 4000 762 4065 illis
777 4002 912 4067 brachia
923 4005 1022 4067 ambo
1037 4003 1163 4085 pariter
1182 4001 1327 4066 demissa
1345 3999 1571 4080 lateribusque

402 4095 504 4160 tallxa
519 4097 598 4173 sint,
613 4098 648 4161 in
663 4098 726 4163 boc
741 4100 861 4165 ultimo
877 4101 1001 4183 pendet
1015 4101 1116 4165 etiam
1130 4118 1251 4178 unum,
1262 4099 1319 4164 sed
1335 4097 1480 4163 alterum
1494 4116 1571 4181 pec-

403 4194 469 4257 tori
489 4201 720 4261 transversum
740 4196 873 4275 insidet,
901 4216 1005 4263 manu
1031 4205 1141 4264 erecta
1164 4204 1266 4281 atque
1293 4197 1381 4262 inter
1406 4214 1572 4262 mammas

403 4292 521 4375 posita.
538 4294 644 4378 Hujus
659 4295 795 4380 quidem
810 4298 960 4363 obsoleta
974 4316 1078 4381 paene
1101 4298 1245 4379 vestigia
1257 4294 1572 4378 Furtwaenglerum

402 4389 562 4469 fefellere,
581 4394 639 4477 qui
659 4400 1006 4478 porrectamlmanum
1020 4395 1125 4461 tuisse
1146 4395 1299 4479 scripsit;
1314 4394 1399 4458 mibi
1412 4413 1494 4461 vero
1509 4397 1571 4459 bae

438 4542 476 4617 (l)
491 4544 665 4617 Opinionem
680 4544 803 4603 aliorum
818 4547 925 4619 refero,
939 4565 999 4606 non
1014 4563 1113 4604 meum
1127 4544 1164 4604 de
1177 4544 1258 4604 inani
1272 4544 1401 4620 imagine
1412 4544 1568 4620 judicium.

437 4618 474 4689 u)
487 4618 572 4675 uren.
591 4620 673 4691 zera,
691 4622 770 4693 rasa,
785 4637 814 4693 p.
830 4620 893 4678 aaa.
