<?xml version="1.0" encoding="UTF-8"?>
<!DOCTYPE html PUBLIC "-//W3C//DTD XHTML 1.0 Transitional//EN"
    "http://www.w3.org/TR/xhtml1/DTD/xhtml1-transitional.dtd">
<html xmlns="http://www.w3.org/1999/xhtml" xml:lang="en" lang="en">
 <head>
  <title>
</title>
<meta http-equiv="Content-Type" content="text/html;charset=utf-8" />
  <meta name='ocr-system' content='tesseract 3.04.00' />
  <meta name='ocr-capabilities' content='ocr_page ocr_carea ocr_par ocr_line ocrx_word'/>
</head>
<body>
  <div class='ocr_page' id='page_1' title='image "./deantiquissimis00homogoog_0064.png"; bbox 0 0 3534 5617; ppageno 0'>
   <div class='ocr_carea' id='block_1_1' title="bbox 909 686 1082 756">
    <p class='ocr_par' dir='ltr' id='par_1_1' title="bbox 909 686 1082 756">
     <span class='ocr_line' id='line_1_1' title="bbox 909 686 1082 756; baseline 0 -16"><span class='ocrx_word' id='word_1_1' title='bbox 909 686 1082 756; x_wconf 64' lang='lat'><strong>-.54-</strong></span> 
     </span>
    </p>
   </div>
   <div class='ocr_carea' id='block_1_2' title="bbox 363 850 1573 4366">
    <p class='ocr_par' dir='ltr' id='par_1_2' title="bbox 404 850 1565 1035">
     <span class='ocr_line' id='line_1_2' title="bbox 439 850 1565 937; baseline 0.002 -22"><span class='ocrx_word' id='word_1_2' title='bbox 439 850 583 934; x_wconf 86' lang='lat' dir='ltr'><strong>Majores</strong></span> <span class='ocrx_word' id='word_1_3' title='bbox 607 854 688 919; x_wconf 92' lang='lat' dir='ltr'><strong>deae</strong></span> <span class='ocrx_word' id='word_1_4' title='bbox 716 853 787 919; x_wconf 84' lang='lat' dir='ltr'><strong>heli</strong></span> <span class='ocrx_word' id='word_1_5' title='bbox 806 854 877 919; x_wconf 90' lang='lat' dir='ltr'><strong>iere</strong></span> <span class='ocrx_word' id='word_1_6' title='bbox 906 870 1025 918; x_wconf 89' lang='lat' dir='ltr'><strong>omnes</strong></span> <span class='ocrx_word' id='word_1_7' title='bbox 1057 852 1264 930; x_wconf 75' lang='lat' dir='ltr'>colebantur,</span> <span class='ocrx_word' id='word_1_8' title='bbox 1293 852 1353 918; x_wconf 90' lang='lat' dir='ltr'><strong>sed</strong></span> <span class='ocrx_word' id='word_1_9' title='bbox 1388 852 1565 937; x_wconf 88' lang='lat' dir='ltr'><strong>praecipuo</strong></span> 
     </span>
     <span class='ocr_line' id='line_1_3' title="bbox 404 951 730 1035; baseline 0 -20"><span class='ocrx_word' id='word_1_10' title='bbox 404 951 570 1035; x_wconf 82' lang='lat' dir='ltr'><strong>quaedam</strong></span> <span class='ocrx_word' id='word_1_11' title='bbox 590 952 730 1018; x_wconf 89' lang='lat' dir='ltr'><strong>honore.</strong></span> 
     </span>
    </p>

    <p class='ocr_par' dir='ltr' id='par_1_3' title="bbox 402 1049 1573 2309">
     <span class='ocr_line' id='line_1_4' title="bbox 440 1049 1565 1133; baseline 0 -19"><span class='ocrx_word' id='word_1_12' title='bbox 440 1049 525 1114; x_wconf 91' lang='lat' dir='ltr'><strong>Nam</strong></span> <span class='ocrx_word' id='word_1_13' title='bbox 538 1050 661 1116; x_wconf 88' lang='lat' dir='ltr'><strong>Junoni</strong></span> <span class='ocrx_word' id='word_1_14' title='bbox 679 1051 742 1115; x_wconf 87' lang='lat' dir='ltr'><strong>fuit</strong></span> <span class='ocrx_word' id='word_1_15' title='bbox 761 1057 929 1116; x_wconf 88' lang='lat' dir='ltr'><strong>sacratum</strong></span> <span class='ocrx_word' id='word_1_16' title='bbox 947 1059 1059 1133; x_wconf 75' lang='grc' dir='ltr'>Ἡραῖον,</span> <span class='ocrx_word' id='word_1_17' title='bbox 1086 1050 1150 1114; x_wconf 88' lang='lat' dir='ltr'><strong>fuit</strong></span> <span class='ocrx_word' id='word_1_18' title='bbox 1176 1050 1321 1114; x_wconf 91' lang='lat' dir='ltr'><strong>dicatum</strong></span> <span class='ocrx_word' id='word_1_19' title='bbox 1348 1050 1565 1115; x_wconf 86' lang='lat' dir='ltr'><strong>simulacrum</strong></span> 
     </span>
     <span class='ocr_line' id='line_1_5' title="bbox 402 1148 1566 1232; baseline 0 -20"><span class='ocrx_word' id='word_1_20' title='bbox 402 1148 626 1232; x_wconf 79' lang='lat' dir='ltr'><strong>sacerdosque</strong></span> <span class='ocrx_word' id='word_1_21' title='bbox 640 1150 769 1213; x_wconf 89' lang='lat' dir='ltr'><strong>addicta</strong></span> <span class='ocrx_word' id='word_1_22' title='bbox 783 1170 791 1229; x_wconf 90' lang='lat'>;</span> <span class='ocrx_word' id='word_1_23' title='bbox 811 1148 992 1227; x_wconf 85' lang='lat' dir='ltr'><strong>Minervae,</strong></span> <span class='ocrx_word' id='word_1_24' title='bbox 1008 1155 1068 1213; x_wconf 92' lang='lat' dir='ltr'><strong>aut</strong></span> <span class='ocrx_word' id='word_1_25' title='bbox 1082 1148 1250 1213; x_wconf 89' lang='lat' dir='ltr'><strong>Pronaeae</strong></span> <span class='ocrx_word' id='word_1_26' title='bbox 1269 1149 1485 1229; x_wconf 83' lang='lat' dir='ltr'><strong>cognomine,</strong></span> <span class='ocrx_word' id='word_1_27' title='bbox 1509 1153 1566 1213; x_wconf 91' lang='lat' dir='ltr'><strong>aut</strong></span> 
     </span>
     <span class='ocr_line' id='line_1_6' title="bbox 403 1244 1561 1328; baseline -0.003 -17"><span class='ocrx_word' id='word_1_28' title='bbox 403 1244 550 1327; x_wconf 88' lang='lat' dir='ltr'><strong>Soterae,</strong></span> <span class='ocrx_word' id='word_1_29' title='bbox 568 1264 661 1310; x_wconf 88' lang='lat' dir='ltr'><strong>sacra</strong></span> <span class='ocrx_word' id='word_1_30' title='bbox 688 1246 837 1322; x_wconf 86' lang='lat' dir='ltr'><strong>fiebant;</strong></span> <span class='ocrx_word' id='word_1_31' title='bbox 867 1245 909 1311; x_wconf 92' lang='lat' dir='ltr'><strong>de</strong></span> <span class='ocrx_word' id='word_1_32' title='bbox 935 1244 1201 1327; x_wconf 81' lang='lat' dir='ltr'><strong>Thesmophoria</strong></span> <span class='ocrx_word' id='word_1_33' title='bbox 1229 1244 1331 1317; x_wconf 87' lang='lat' dir='ltr'><strong>etiam</strong></span> <span class='ocrx_word' id='word_1_34' title='bbox 1357 1244 1561 1328; x_wconf 84' lang='lat' dir='ltr'><strong>perhibetur,</strong></span> 
     </span>
     <span class='ocr_line' id='line_1_7' title="bbox 408 1342 1568 1427; baseline -0.001 -19"><span class='ocrx_word' id='word_1_35' title='bbox 408 1343 498 1427; x_wconf 92' lang='lat' dir='ltr'><strong>quod</strong></span> <span class='ocrx_word' id='word_1_36' title='bbox 511 1343 611 1408; x_wconf 92' lang='lat' dir='ltr'><strong>aedes</strong></span> <span class='ocrx_word' id='word_1_37' title='bbox 626 1361 749 1421; x_wconf 87' lang='lat' dir='ltr'><strong>sacras,</strong></span> <span class='ocrx_word' id='word_1_38' title='bbox 773 1342 904 1420; x_wconf 89' lang='lat' dir='ltr'><strong>altaria,</strong></span> <span class='ocrx_word' id='word_1_39' title='bbox 919 1344 1087 1426; x_wconf 89' lang='lat' dir='ltr'><strong>porticum</strong></span> <span class='ocrx_word' id='word_1_40' title='bbox 1112 1344 1405 1427; x_wconf 79' lang='lat' dir='ltr'><strong>complectebatur,</strong></span> <span class='ocrx_word' id='word_1_41' title='bbox 1436 1348 1472 1407; x_wconf 92' lang='lat' dir='ltr'><strong>et</strong></span> <span class='ocrx_word' id='word_1_42' title='bbox 1495 1360 1568 1407; x_wconf 92' lang='lat' dir='ltr'><strong>ma-</strong></span> 
     </span>
     <span class='ocr_line' id='line_1_8' title="bbox 404 1439 1569 1523; baseline 0 -18"><span class='ocrx_word' id='word_1_43' title='bbox 404 1458 510 1523; x_wconf 88' lang='lat' dir='ltr'><strong>gnam</strong></span> <span class='ocrx_word' id='word_1_44' title='bbox 523 1441 628 1505; x_wconf 87' lang='lat' dir='ltr'><strong>fuisse</strong></span> <span class='ocrx_word' id='word_1_45' title='bbox 650 1441 715 1505; x_wconf 92' lang='lat' dir='ltr'><strong>loci</strong></span> <span class='ocrx_word' id='word_1_46' title='bbox 741 1439 943 1522; x_wconf 78' lang='lat' dir='ltr'><strong>religionem</strong></span> <span class='ocrx_word' id='word_1_47' title='bbox 965 1441 1153 1505; x_wconf 87' lang='lat' dir='ltr'><strong>sacerdotes</strong></span> <span class='ocrx_word' id='word_1_48' title='bbox 1168 1441 1279 1506; x_wconf 85' lang='lat' dir='ltr'><strong>Cereri</strong></span> <span class='ocrx_word' id='word_1_49' title='bbox 1292 1460 1331 1505; x_wconf 90' lang='lat' dir='ltr'><strong>ac</strong></span> <span class='ocrx_word' id='word_1_50' title='bbox 1351 1440 1569 1523; x_wconf 89' lang='lat' dir='ltr'><strong>Proserpinae</strong></span> 
     </span>
     <span class='ocr_line' id='line_1_9' title="bbox 404 1540 1569 1623; baseline 0 -18"><span class='ocrx_word' id='word_1_51' title='bbox 404 1541 557 1617; x_wconf 88' lang='lat' dir='ltr'><strong>devotae,</strong></span> <span class='ocrx_word' id='word_1_52' title='bbox 593 1540 771 1605; x_wconf 86' lang='lat' dir='ltr'><strong>sollemnia</strong></span> <span class='ocrx_word' id='word_1_53' title='bbox 814 1540 901 1606; x_wconf 87' lang='lat' dir='ltr'><strong>dicta</strong></span> <span class='ocrx_word' id='word_1_54' title='bbox 947 1540 1220 1623; x_wconf 88' lang='lat' dir='ltr'><strong>Thesmophoria,</strong></span> <span class='ocrx_word' id='word_1_55' title='bbox 1267 1558 1383 1605; x_wconf 88' lang='lat' dir='ltr'><strong>caesae</strong></span> <span class='ocrx_word' id='word_1_56' title='bbox 1415 1540 1569 1605; x_wconf 85' lang='lat' dir='ltr'><strong>victimae</strong></span> 
     </span>
     <span class='ocr_line' id='line_1_10' title="bbox 404 1624 1571 1722; baseline -0.003 -16"><span class='ocrx_word' id='word_1_57' title='bbox 404 1641 647 1706; x_wconf 91' lang='lat' dir='ltr'><strong>demonstrant.</strong></span> <span class='ocrx_word' id='word_1_58' title='bbox 663 1638 810 1704; x_wconf 87' lang='lat' dir='ltr'><strong>Latonae</strong></span> <span class='ocrx_word' id='word_1_59' title='bbox 827 1658 921 1718; x_wconf 90' lang='lat' dir='ltr'><strong>vero,</strong></span> <span class='ocrx_word' id='word_1_60' title='bbox 937 1658 1024 1722; x_wconf 91' lang='lat' dir='ltr'><strong>quae</strong></span> <span class='ocrx_word' id='word_1_61' title='bbox 1040 1638 1109 1703; x_wconf 82' lang='lat' dir='ltr'><strong>licii</strong></span> <span class='ocrx_word' id='word_1_62' title='bbox 1133 1624 1305 1703; x_wconf 81' lang='lat' dir='ltr'><strong>beliorum</strong></span> <span class='ocrx_word' id='word_1_63' title='bbox 1327 1639 1571 1720; x_wconf 88' lang='lat' dir='ltr'><strong>augustissima</strong></span> 
     </span>
     <span class='ocr_line' id='line_1_11' title="bbox 403 1736 1570 1820; baseline -0.001 -17"><span class='ocrx_word' id='word_1_64' title='bbox 403 1738 546 1803; x_wconf 92' lang='lat' dir='ltr'><strong>numina</strong></span> <span class='ocrx_word' id='word_1_65' title='bbox 574 1736 705 1818; x_wconf 90' lang='lat' dir='ltr'><strong>genuit,</strong></span> <span class='ocrx_word' id='word_1_66' title='bbox 738 1737 862 1802; x_wconf 83' lang='lat' dir='ltr'><strong>eximia</strong></span> <span class='ocrx_word' id='word_1_67' title='bbox 890 1738 955 1802; x_wconf 89' lang='lat' dir='ltr'><strong>fuit</strong></span> <span class='ocrx_word' id='word_1_68' title='bbox 979 1737 1053 1801; x_wconf 89' lang='lat' dir='ltr'><strong>laus</strong></span> <span class='ocrx_word' id='word_1_69' title='bbox 1080 1755 1118 1800; x_wconf 91' lang='lat' dir='ltr'><strong>ac</strong></span> <span class='ocrx_word' id='word_1_70' title='bbox 1136 1736 1352 1813; x_wconf 76' lang='lat' dir='ltr'><strong>.rcverentia;</strong></span> <span class='ocrx_word' id='word_1_71' title='bbox 1380 1755 1570 1820; x_wconf 90' lang='lat' dir='ltr'><strong>quaecum</strong></span> 
     </span>
     <span class='ocr_line' id='line_1_12' title="bbox 403 1832 1569 1914; baseline -0.001 -15"><span class='ocrx_word' id='word_1_72' title='bbox 403 1835 518 1899; x_wconf 90' lang='lat' dir='ltr'><strong>liberis</strong></span> <span class='ocrx_word' id='word_1_73' title='bbox 543 1834 695 1914; x_wconf 76' lang='lat' dir='ltr'><strong>Apolline</strong></span> <span class='ocrx_word' id='word_1_74' title='bbox 714 1838 749 1898; x_wconf 89' lang='lat' dir='ltr'><strong>et</strong></span> <span class='ocrx_word' id='word_1_75' title='bbox 761 1834 865 1898; x_wconf 88' lang='lat' dir='ltr'><strong>Diana</strong></span> <span class='ocrx_word' id='word_1_76' title='bbox 890 1835 926 1897; x_wconf 93' lang='lat' dir='ltr'><strong>in</strong></span> <span class='ocrx_word' id='word_1_77' title='bbox 954 1833 1047 1898; x_wconf 90' lang='lat' dir='ltr'><strong>omni</strong></span> <span class='ocrx_word' id='word_1_78' title='bbox 1070 1832 1275 1898; x_wconf 74' lang='lat' dir='ltr'><strong>dedicatione</strong></span> <span class='ocrx_word' id='word_1_79' title='bbox 1288 1834 1479 1897; x_wconf 88' lang='lat' dir='ltr'><strong>consociata</strong></span> <span class='ocrx_word' id='word_1_80' title='bbox 1498 1852 1569 1899; x_wconf 88' lang='lat' dir='ltr'><strong>esso</strong></span> 
     </span>
     <span class='ocr_line' id='line_1_13' title="bbox 405 1930 1568 2015; baseline -0.001 -19"><span class='ocrx_word' id='word_1_81' title='bbox 405 1932 490 1996; x_wconf 87' lang='lat' dir='ltr'><strong>solet</strong></span> <span class='ocrx_word' id='word_1_82' title='bbox 506 1952 514 2008; x_wconf 90' lang='lat'>;</span> <span class='ocrx_word' id='word_1_83' title='bbox 530 1932 583 1995; x_wconf 90' lang='lat' dir='ltr'><strong>cui</strong></span> <span class='ocrx_word' id='word_1_84' title='bbox 598 1932 735 2015; x_wconf 88' lang='lat' dir='ltr'><strong>propria</strong></span> <span class='ocrx_word' id='word_1_85' title='bbox 759 1932 858 1997; x_wconf 90' lang='lat' dir='ltr'><strong>aedes</strong></span> <span class='ocrx_word' id='word_1_86' title='bbox 872 1944 974 2015; x_wconf 73' lang='grc' dir='ltr'>Λητῷον</span> <span class='ocrx_word' id='word_1_87' title='bbox 988 1932 1052 1995; x_wconf 89' lang='lat' dir='ltr'><strong>init</strong></span> <span class='ocrx_word' id='word_1_88' title='bbox 1064 1937 1098 1995; x_wconf 90' lang='lat' dir='ltr'><strong>et</strong></span> <span class='ocrx_word' id='word_1_89' title='bbox 1112 1931 1152 1995; x_wconf 88' lang='lat' dir='ltr'><strong>ab</strong></span> <span class='ocrx_word' id='word_1_90' title='bbox 1168 1930 1402 2013; x_wconf 88' lang='lat' dir='ltr'><strong>antiquissimo</strong></span> <span class='ocrx_word' id='word_1_91' title='bbox 1416 1937 1568 2013; x_wconf 90' lang='lat' dir='ltr'><strong>tempore</strong></span> 
     </span>
     <span class='ocr_line' id='line_1_14' title="bbox 406 2028 1568 2113; baseline -0.002 -18"><span class='ocrx_word' id='word_1_92' title='bbox 406 2032 497 2095; x_wconf 89' lang='lat' dir='ltr'><strong>stetit</strong></span> <span class='ocrx_word' id='word_1_93' title='bbox 518 2032 667 2111; x_wconf 89' lang='lat' dir='ltr'><strong>signum.</strong></span> <span class='ocrx_word' id='word_1_94' title='bbox 684 2030 749 2094; x_wconf 92' lang='lat' dir='ltr'><strong>Nec</strong></span> <span class='ocrx_word' id='word_1_95' title='bbox 763 2030 804 2095; x_wconf 92' lang='lat' dir='ltr'><strong>de</strong></span> <span class='ocrx_word' id='word_1_96' title='bbox 818 2031 952 2113; x_wconf 88' lang='lat' dir='ltr'><strong>ilithyia</strong></span> <span class='ocrx_word' id='word_1_97' title='bbox 968 2030 1092 2102; x_wconf 88' lang='lat' dir='ltr'><strong>tacebo,</strong></span> <span class='ocrx_word' id='word_1_98' title='bbox 1125 2030 1221 2110; x_wconf 82' lang='lat' dir='ltr'><strong>cujus</strong></span> <span class='ocrx_word' id='word_1_99' title='bbox 1242 2028 1352 2106; x_wconf 88' lang='lat' dir='ltr'><strong>decus,</strong></span> <span class='ocrx_word' id='word_1_100' title='bbox 1375 2048 1568 2111; x_wconf 91' lang='lat' dir='ltr'><strong>quanquam</strong></span> 
     </span>
     <span class='ocr_line' id='line_1_15' title="bbox 405 2126 1573 2212; baseline -0.002 -19"><span class='ocrx_word' id='word_1_101' title='bbox 405 2136 542 2193; x_wconf 89' lang='lat' dir='ltr'><strong>mature</strong></span> <span class='ocrx_word' id='word_1_102' title='bbox 555 2128 728 2203; x_wconf 85' lang='lat' dir='ltr'><strong>obsolevit,</strong></span> <span class='ocrx_word' id='word_1_103' title='bbox 746 2130 829 2193; x_wconf 93' lang='lat' dir='ltr'><strong>etin</strong></span> <span class='ocrx_word' id='word_1_104' title='bbox 850 2130 1059 2212; x_wconf 82' lang='lat' dir='ltr'><strong>mythologie</strong></span> <span class='ocrx_word' id='word_1_105' title='bbox 1072 2127 1208 2207; x_wconf 90' lang='lat' dir='ltr'><strong>deliaca,</strong></span> <span class='ocrx_word' id='word_1_106' title='bbox 1238 2132 1273 2191; x_wconf 90' lang='lat' dir='ltr'><strong>et</strong></span> <span class='ocrx_word' id='word_1_107' title='bbox 1286 2127 1322 2189; x_wconf 88' lang='lat' dir='ltr'><strong>in</strong></span> <span class='ocrx_word' id='word_1_108' title='bbox 1337 2126 1573 2211; x_wconf 88' lang='lat' dir='ltr'><strong>antiquissima</strong></span> 
     </span>
     <span class='ocr_line' id='line_1_16' title="bbox 409 2227 1071 2309; baseline -0.002 -19"><span class='ocrx_word' id='word_1_109' title='bbox 409 2231 481 2290; x_wconf 89' lang='lat' dir='ltr'><strong>arte</strong></span> <span class='ocrx_word' id='word_1_110' title='bbox 498 2245 567 2289; x_wconf 90' lang='lat' dir='ltr'><strong>non</strong></span> <span class='ocrx_word' id='word_1_111' title='bbox 581 2227 762 2292; x_wconf 89' lang='lat' dir='ltr'><strong>obscurum</strong></span> <span class='ocrx_word' id='word_1_112' title='bbox 778 2228 917 2291; x_wconf 91' lang='lat' dir='ltr'><strong>omnino</strong></span> <span class='ocrx_word' id='word_1_113' title='bbox 938 2227 1002 2290; x_wconf 90' lang='lat' dir='ltr'><strong>fuit</strong></span> <span class='ocrx_word' id='word_1_114' title='bbox 1016 2227 1071 2309; x_wconf 84' lang='lat' dir='ltr'><strong>(i).</strong></span> 
     </span>
    </p>

    <p class='ocr_par' dir='ltr' id='par_1_4' title="bbox 406 2321 1571 2604">
     <span class='ocr_line' id='line_1_17' title="bbox 446 2321 1571 2407; baseline -0.004 -18"><span class='ocrx_word' id='word_1_115' title='bbox 446 2322 509 2389; x_wconf 89' lang='lat' dir='ltr'><strong>Sed</strong></span> <span class='ocrx_word' id='word_1_116' title='bbox 524 2324 653 2407; x_wconf 89' lang='lat' dir='ltr'><strong>primae</strong></span> <span class='ocrx_word' id='word_1_117' title='bbox 668 2330 780 2407; x_wconf 86' lang='lat' dir='ltr'><strong>partes</strong></span> <span class='ocrx_word' id='word_1_118' title='bbox 800 2324 918 2391; x_wconf 87' lang='lat' dir='ltr'><strong>Veneri</strong></span> <span class='ocrx_word' id='word_1_119' title='bbox 931 2324 1121 2406; x_wconf 82' lang='lat' dir='ltr'><strong>Dianaeque</strong></span> <span class='ocrx_word' id='word_1_120' title='bbox 1134 2323 1207 2389; x_wconf 90' lang='lat' dir='ltr'><strong>sine</strong></span> <span class='ocrx_word' id='word_1_121' title='bbox 1230 2321 1459 2387; x_wconf 89' lang='lat' dir='ltr'><strong>controversia</strong></span> <span class='ocrx_word' id='word_1_122' title='bbox 1483 2322 1571 2386; x_wconf 90' lang='lat' dir='ltr'><strong>defe-</strong></span> 
     </span>
     <span class='ocr_line' id='line_1_18' title="bbox 406 2421 1571 2505; baseline -0.003 -18"><span class='ocrx_word' id='word_1_123' title='bbox 406 2422 586 2487; x_wconf 90' lang='lat' dir='ltr'><strong>rebantur:</strong></span> <span class='ocrx_word' id='word_1_124' title='bbox 602 2422 715 2505; x_wconf 90' lang='lat' dir='ltr'><strong>itaque</strong></span> <span class='ocrx_word' id='word_1_125' title='bbox 729 2430 805 2487; x_wconf 88' lang='lat' dir='ltr'><strong>utra</strong></span> <span class='ocrx_word' id='word_1_126' title='bbox 815 2423 1030 2505; x_wconf 89' lang='lat' dir='ltr'><strong>potissimum</strong></span> <span class='ocrx_word' id='word_1_127' title='bbox 1045 2424 1088 2486; x_wconf 93' lang='lat' dir='ltr'><strong>sit</strong></span> <span class='ocrx_word' id='word_1_128' title='bbox 1101 2421 1277 2505; x_wconf 89' lang='lat' dir='ltr'><strong>deligenda</strong></span> <span class='ocrx_word' id='word_1_129' title='bbox 1292 2421 1437 2486; x_wconf 92' lang='lat' dir='ltr'><strong>dubitari</strong></span> <span class='ocrx_word' id='word_1_130' title='bbox 1451 2426 1571 2504; x_wconf 89' lang='lat' dir='ltr'><strong>potest,</strong></span> 
     </span>
     <span class='ocr_line' id='line_1_19' title="bbox 406 2521 1083 2604; baseline -0.001 -20"><span class='ocrx_word' id='word_1_131' title='bbox 406 2521 605 2585; x_wconf 85' lang='lat' dir='ltr'><strong>alterutram</strong></span> <span class='ocrx_word' id='word_1_132' title='bbox 619 2522 736 2604; x_wconf 90' lang='lat' dir='ltr'><strong>utique</strong></span> <span class='ocrx_word' id='word_1_133' title='bbox 749 2522 852 2602; x_wconf 81' lang='lat' dir='ltr'><strong>deligi</strong></span> <span class='ocrx_word' id='word_1_134' title='bbox 866 2538 1002 2586; x_wconf 85' lang='lat' dir='ltr'><strong>necesse</strong></span> <span class='ocrx_word' id='word_1_135' title='bbox 1022 2526 1083 2587; x_wconf 90' lang='lat' dir='ltr'><strong>est.</strong></span> 
     </span>
    </p>

    <p class='ocr_par' dir='ltr' id='par_1_5' title="bbox 363 2614 1573 3477">
     <span class='ocr_line' id='line_1_20' title="bbox 448 2614 1572 2702; baseline -0.004 -19"><span class='ocrx_word' id='word_1_136' title='bbox 448 2617 558 2683; x_wconf 82' lang='lat' dir='ltr'><strong>Venus</strong></span> <span class='ocrx_word' id='word_1_137' title='bbox 593 2618 791 2702; x_wconf 90' lang='lat' dir='ltr'><strong>antiquitate</strong></span> <span class='ocrx_word' id='word_1_138' title='bbox 827 2619 968 2683; x_wconf 81' lang='lat' dir='ltr'><strong>forsitan</strong></span> <span class='ocrx_word' id='word_1_139' title='bbox 990 2617 1214 2702; x_wconf 88' lang='lat' dir='ltr'><strong>praestiterit;</strong></span> <span class='ocrx_word' id='word_1_140' title='bbox 1252 2634 1354 2700; x_wconf 93' lang='lat' dir='ltr'><strong>quam</strong></span> <span class='ocrx_word' id='word_1_141' title='bbox 1391 2614 1572 2679; x_wconf 89' lang='lat' dir='ltr'><strong>Phoenices</strong></span> 
     </span>
     <span class='ocr_line' id='line_1_21' title="bbox 363 2713 1573 2798; baseline 0.002 -25"><span class='ocrx_word' id='word_1_142' title='bbox 363 2758 367 2773; x_wconf 83' lang='lat'><strong>.</strong></span> <span class='ocrx_word' id='word_1_143' title='bbox 405 2715 569 2791; x_wconf 82' lang='lat' dir='ltr'><strong>intulere3</strong></span> <span class='ocrx_word' id='word_1_144' title='bbox 586 2714 685 2778; x_wconf 85' lang='lat' dir='ltr'><strong>belus</strong></span> <span class='ocrx_word' id='word_1_145' title='bbox 700 2716 792 2778; x_wconf 91' lang='lat' dir='ltr'><strong>enim</strong></span> <span class='ocrx_word' id='word_1_146' title='bbox 806 2721 840 2779; x_wconf 92' lang='lat' dir='ltr'><strong>et</strong></span> <span class='ocrx_word' id='word_1_147' title='bbox 853 2717 1104 2798; x_wconf 87' lang='lat' dir='ltr'><strong>opportunitate</strong></span> <span class='ocrx_word' id='word_1_148' title='bbox 1117 2714 1181 2779; x_wconf 94' lang='lat' dir='ltr'><strong>ioci</strong></span> <span class='ocrx_word' id='word_1_149' title='bbox 1211 2720 1245 2778; x_wconf 91' lang='lat' dir='ltr'><strong>et</strong></span> <span class='ocrx_word' id='word_1_150' title='bbox 1274 2730 1445 2797; x_wconf 90' lang='lat' dir='ltr'><strong>purpurae</strong></span> <span class='ocrx_word' id='word_1_151' title='bbox 1465 2713 1573 2776; x_wconf 93' lang='lat' dir='ltr'><strong>abun-</strong></span> 
     </span>
     <span class='ocr_line' id='line_1_22' title="bbox 405 2807 1570 2892; baseline -0.002 -19"><span class='ocrx_word' id='word_1_152' title='bbox 405 2810 518 2873; x_wconf 89' lang='lat' dir='ltr'><strong>dantia</strong></span> <span class='ocrx_word' id='word_1_153' title='bbox 532 2815 713 2874; x_wconf 88' lang='lat' dir='ltr'><strong>nautarum</strong></span> <span class='ocrx_word' id='word_1_154' title='bbox 728 2811 953 2892; x_wconf 81' lang='lat' dir='ltr'><strong>opificumque</strong></span> <span class='ocrx_word' id='word_1_155' title='bbox 975 2828 1085 2891; x_wconf 89' lang='lat' dir='ltr'><strong>genus</strong></span> <span class='ocrx_word' id='word_1_156' title='bbox 1101 2810 1274 2874; x_wconf 81' lang='lat' dir='ltr'><strong>allexerat.</strong></span> <span class='ocrx_word' id='word_1_157' title='bbox 1302 2807 1417 2884; x_wconf 85' lang='lat' dir='ltr'><strong>Diana,</strong></span> <span class='ocrx_word' id='word_1_158' title='bbox 1429 2827 1473 2871; x_wconf 80' lang='lat' dir='ltr'><strong>ex</strong></span> <span class='ocrx_word' id='word_1_159' title='bbox 1495 2807 1570 2871; x_wconf 83' lang='lat' dir='ltr'><strong>Asia</strong></span> 
     </span>
     <span class='ocr_line' id='line_1_23' title="bbox 405 2906 1567 2989; baseline -0.002 -18"><span class='ocrx_word' id='word_1_160' title='bbox 405 2908 525 2989; x_wconf 90' lang='lat' dir='ltr'><strong>etipsa</strong></span> <span class='ocrx_word' id='word_1_161' title='bbox 548 2908 707 2989; x_wconf 90' lang='lat' dir='ltr'><strong>proiecta,</strong></span> <span class='ocrx_word' id='word_1_162' title='bbox 730 2914 839 2971; x_wconf 88' lang='lat' dir='ltr'><strong>artam</strong></span> <span class='ocrx_word' id='word_1_163' title='bbox 863 2926 941 2972; x_wconf 82' lang='lat' dir='ltr'><strong>curn</strong></span> <span class='ocrx_word' id='word_1_164' title='bbox 968 2908 1094 2974; x_wconf 88' lang='lat' dir='ltr'><strong>Venere</strong></span> <span class='ocrx_word' id='word_1_165' title='bbox 1122 2906 1359 2989; x_wconf 79' lang='lat' dir='ltr'><strong>cognationem</strong></span> <span class='ocrx_word' id='word_1_166' title='bbox 1386 2906 1567 2979; x_wconf 90' lang='lat' dir='ltr'><strong>obtinebat,</strong></span> 
     </span>
     <span class='ocr_line' id='line_1_24' title="bbox 403 3002 1568 3088; baseline -0.001 -20"><span class='ocrx_word' id='word_1_167' title='bbox 403 3006 449 3069; x_wconf 90' lang='lat' dir='ltr'><strong>ita</strong></span> <span class='ocrx_word' id='word_1_168' title='bbox 463 3011 502 3069; x_wconf 92' lang='lat' dir='ltr'><strong>ut</strong></span> <span class='ocrx_word' id='word_1_169' title='bbox 530 3024 654 3072; x_wconf 85' lang='lat' dir='ltr'><strong>novam</strong></span> <span class='ocrx_word' id='word_1_170' title='bbox 681 3006 883 3088; x_wconf 78' lang='lat' dir='ltr'><strong>religionem</strong></span> <span class='ocrx_word' id='word_1_171' title='bbox 911 3007 1069 3071; x_wconf 85' lang='lat' dir='ltr'><strong>facillime</strong></span> <span class='ocrx_word' id='word_1_172' title='bbox 1095 3008 1376 3086; x_wconf 91' lang='lat' dir='ltr'><strong>amplecterentur</strong></span> <span class='ocrx_word' id='word_1_173' title='bbox 1402 3002 1568 3078; x_wconf 90' lang='lat' dir='ltr'><strong>homines,</strong></span> 
     </span>
     <span class='ocr_line' id='line_1_25' title="bbox 403 3101 1570 3187; baseline -0.002 -20"><span class='ocrx_word' id='word_1_174' title='bbox 403 3104 542 3186; x_wconf 87' lang='lat' dir='ltr'><strong>antiqua</strong></span> <span class='ocrx_word' id='word_1_175' title='bbox 570 3122 639 3167; x_wconf 93' lang='lat' dir='ltr'><strong>non</strong></span> <span class='ocrx_word' id='word_1_176' title='bbox 666 3104 803 3185; x_wconf 88' lang='lat' dir='ltr'><strong>abjecta,</strong></span> <span class='ocrx_word' id='word_1_177' title='bbox 836 3105 894 3169; x_wconf 91' lang='lat' dir='ltr'><strong>sed</strong></span> <span class='ocrx_word' id='word_1_178' title='bbox 928 3106 1014 3169; x_wconf 86' lang='lat' dir='ltr'><strong>facta</strong></span> <span class='ocrx_word' id='word_1_179' title='bbox 1045 3105 1221 3187; x_wconf 89' lang='lat' dir='ltr'><strong>utriusque</strong></span> <span class='ocrx_word' id='word_1_180' title='bbox 1249 3103 1345 3186; x_wconf 89' lang='lat' dir='ltr'><strong>quasi</strong></span> <span class='ocrx_word' id='word_1_181' title='bbox 1372 3101 1570 3165; x_wconf 89' lang='lat' dir='ltr'><strong>admistione</strong></span> 
     </span>
     <span class='ocr_line' id='line_1_26' title="bbox 405 3199 1569 3283; baseline -0.002 -18"><span class='ocrx_word' id='word_1_182' title='bbox 405 3201 562 3283; x_wconf 91' lang='lat' dir='ltr'><strong>quadam.</strong></span> <span class='ocrx_word' id='word_1_183' title='bbox 579 3201 701 3265; x_wconf 88' lang='lat' dir='ltr'><strong>ideirco</strong></span> <span class='ocrx_word' id='word_1_184' title='bbox 716 3202 828 3267; x_wconf 85' lang='lat' dir='ltr'><strong>Venus</strong></span> <span class='ocrx_word' id='word_1_185' title='bbox 842 3220 911 3266; x_wconf 91' lang='lat' dir='ltr'><strong>non</strong></span> <span class='ocrx_word' id='word_1_186' title='bbox 925 3201 1061 3266; x_wconf 87' lang='lat' dir='ltr'><strong>detrusa</strong></span> <span class='ocrx_word' id='word_1_187' title='bbox 1075 3209 1136 3276; x_wconf 92' lang='lat' dir='ltr'><strong>est,</strong></span> <span class='ocrx_word' id='word_1_188' title='bbox 1154 3202 1211 3266; x_wconf 91' lang='lat' dir='ltr'><strong>sed</strong></span> <span class='ocrx_word' id='word_1_189' title='bbox 1222 3219 1330 3283; x_wconf 86' lang='lat' dir='ltr'><strong>aequo</strong></span> <span class='ocrx_word' id='word_1_190' title='bbox 1345 3200 1416 3264; x_wconf 88' lang='lat' dir='ltr'><strong>fero</strong></span> <span class='ocrx_word' id='word_1_191' title='bbox 1437 3199 1569 3263; x_wconf 88' lang='lat' dir='ltr'><strong>foedere</strong></span> 
     </span>
     <span class='ocr_line' id='line_1_27' title="bbox 404 3275 1569 3381; baseline 0 -22"><span class='ocrx_word' id='word_1_192' title='bbox 404 3297 439 3360; x_wconf 90' lang='lat' dir='ltr'><strong>in</strong></span> <span class='ocrx_word' id='word_1_193' title='bbox 457 3275 626 3362; x_wconf 82' lang='lat' dir='ltr'><strong>honorum</strong></span> <span class='ocrx_word' id='word_1_194' title='bbox 641 3298 847 3362; x_wconf 88' lang='lat' dir='ltr'><strong>consortium</strong></span> <span class='ocrx_word' id='word_1_195' title='bbox 861 3304 1002 3376; x_wconf 76' lang='lat' dir='ltr'><strong>vocata,</strong></span> <span class='ocrx_word' id='word_1_196' title='bbox 1026 3317 1088 3363; x_wconf 90' lang='lat' dir='ltr'><strong>nec</strong></span> <span class='ocrx_word' id='word_1_197' title='bbox 1110 3298 1210 3381; x_wconf 88' lang='lat' dir='ltr'><strong>prisci</strong></span> <span class='ocrx_word' id='word_1_198' title='bbox 1236 3296 1364 3362; x_wconf 87' lang='lat' dir='ltr'><strong>decoris</strong></span> <span class='ocrx_word' id='word_1_199' title='bbox 1388 3295 1569 3379; x_wconf 90' lang='lat' dir='ltr'><strong>quidquam</strong></span> 
     </span>
     <span class='ocr_line' id='line_1_28' title="bbox 405 3394 1275 3477; baseline -0.001 -18"><span class='ocrx_word' id='word_1_200' title='bbox 405 3394 529 3471; x_wconf 91' lang='lat' dir='ltr'><strong>amisit,</strong></span> <span class='ocrx_word' id='word_1_201' title='bbox 550 3395 616 3457; x_wconf 92' lang='lat' dir='ltr'><strong>nisi</strong></span> <span class='ocrx_word' id='word_1_202' title='bbox 629 3394 719 3477; x_wconf 90' lang='lat' dir='ltr'><strong>quod</strong></span> <span class='ocrx_word' id='word_1_203' title='bbox 733 3396 768 3457; x_wconf 91' lang='lat' dir='ltr'><strong>in</strong></span> <span class='ocrx_word' id='word_1_204' title='bbox 783 3396 939 3460; x_wconf 87' lang='lat' dir='ltr'><strong>secrrndis</strong></span> <span class='ocrx_word' id='word_1_205' title='bbox 954 3396 1068 3461; x_wconf 91' lang='lat' dir='ltr'><strong>debuit</strong></span> <span class='ocrx_word' id='word_1_206' title='bbox 1082 3398 1275 3461; x_wconf 88' lang='lat' dir='ltr'><strong>consistere.</strong></span> 
     </span>
    </p>

    <p class='ocr_par' dir='ltr' id='par_1_6' title="bbox 399 3493 1570 4366">
     <span class='ocr_line' id='line_1_29' title="bbox 446 3493 1569 3577; baseline -0.004 -18"><span class='ocrx_word' id='word_1_207' title='bbox 446 3494 613 3571; x_wconf 83' lang='lat' dir='ltr'><strong>Quantum</strong></span> <span class='ocrx_word' id='word_1_208' title='bbox 628 3495 747 3560; x_wconf 82' lang='lat' dir='ltr'><strong>Veneri</strong></span> <span class='ocrx_word' id='word_1_209' title='bbox 760 3495 843 3559; x_wconf 88' lang='lat' dir='ltr'><strong>Delii</strong></span> <span class='ocrx_word' id='word_1_210' title='bbox 859 3497 1035 3561; x_wconf 88' lang='lat' dir='ltr'><strong>tribuerint</strong></span> <span class='ocrx_word' id='word_1_211' title='bbox 1049 3496 1197 3561; x_wconf 88' lang='lat' dir='ltr'><strong>dedicata</strong></span> <span class='ocrx_word' id='word_1_212' title='bbox 1210 3494 1342 3559; x_wconf 91' lang='lat' dir='ltr'><strong>numini</strong></span> <span class='ocrx_word' id='word_1_213' title='bbox 1370 3496 1443 3577; x_wconf 84' lang='lat' dir='ltr'><strong>ejus</strong></span> <span class='ocrx_word' id='word_1_214' title='bbox 1465 3493 1569 3556; x_wconf 91' lang='lat' dir='ltr'><strong>simu-</strong></span> 
     </span>
     <span class='ocr_line' id='line_1_30' title="bbox 405 3584 1570 3670; baseline -0.003 -13"><span class='ocrx_word' id='word_1_215' title='bbox 405 3592 495 3657; x_wconf 89' lang='lat' dir='ltr'><strong>lacra</strong></span> <span class='ocrx_word' id='word_1_216' title='bbox 512 3593 763 3658; x_wconf 87' lang='lat' dir='ltr'><strong>demonstrant:</strong></span> <span class='ocrx_word' id='word_1_217' title='bbox 780 3612 859 3657; x_wconf 90' lang='lat' dir='ltr'><strong>nam</strong></span> <span class='ocrx_word' id='word_1_218' title='bbox 873 3593 1032 3670; x_wconf 85' lang='lat' dir='ltr'><strong>Theseus,</strong></span> <span class='ocrx_word' id='word_1_219' title='bbox 1048 3614 1126 3659; x_wconf 92' lang='lat' dir='ltr'><strong>cum</strong></span> <span class='ocrx_word' id='word_1_220' title='bbox 1152 3614 1171 3659; x_wconf 90' lang='lat' dir='ltr'><strong>e</strong></span> <span class='ocrx_word' id='word_1_221' title='bbox 1205 3592 1299 3658; x_wconf 86' lang='lat' dir='ltr'><strong>Creta</strong></span> <span class='ocrx_word' id='word_1_222' title='bbox 1324 3584 1431 3657; x_wconf 82' lang='lat' dir='ltr'><strong>redu&#39;x</strong></span> <span class='ocrx_word' id='word_1_223' title='bbox 1454 3590 1570 3655; x_wconf 86' lang='lat' dir='ltr'><strong>Delum</strong></span> 
     </span>
     <span class='ocr_line' id='line_1_31' title="bbox 406 3688 1569 3774; baseline -0.003 -20"><span class='ocrx_word' id='word_1_224' title='bbox 406 3690 727 3774; x_wconf 78' lang='lat' dir='ltr'><strong>appulitllenerem,</strong></span> <span class='ocrx_word' id='word_1_225' title='bbox 742 3710 811 3755; x_wconf 91' lang='lat' dir='ltr'><strong>non</strong></span> <span class='ocrx_word' id='word_1_226' title='bbox 824 3690 964 3755; x_wconf 85' lang='lat' dir='ltr'><strong>Dianam</strong></span> <span class='ocrx_word' id='word_1_227' title='bbox 978 3692 1098 3756; x_wconf 90' lang='lat' dir='ltr'><strong>dicitur</strong></span> <span class='ocrx_word' id='word_1_228' title='bbox 1111 3692 1265 3766; x_wconf 90' lang='lat' dir='ltr'><strong>coluisse,</strong></span> <span class='ocrx_word' id='word_1_229' title='bbox 1285 3696 1490 3772; x_wconf 73' lang='lat' dir='ltr'><strong>et‘lppoelaov,</strong></span> <span class='ocrx_word' id='word_1_230' title='bbox 1507 3688 1569 3753; x_wconf 88' lang='lat' dir='ltr'><strong>lle·</strong></span> 
     </span>
     <span class='ocr_line' id='line_1_32' title="bbox 404 3788 1567 3873; baseline -0.001 -22"><span class='ocrx_word' id='word_1_231' title='bbox 404 3788 495 3852; x_wconf 92' lang='lat' dir='ltr'><strong>neris</strong></span> <span class='ocrx_word' id='word_1_232' title='bbox 508 3788 630 3852; x_wconf 88' lang='lat' dir='ltr'><strong>scilicet</strong></span> <span class='ocrx_word' id='word_1_233' title='bbox 643 3788 791 3869; x_wconf 87' lang='lat' dir='ltr'><strong>signum,</strong></span> <span class='ocrx_word' id='word_1_234' title='bbox 808 3788 988 3867; x_wconf 87' lang='lat' dir='ltr'><strong>dedicasse,</strong></span> <span class='ocrx_word' id='word_1_235' title='bbox 1003 3789 1093 3873; x_wconf 90' lang='lat' dir='ltr'><strong>quod</strong></span> <span class='ocrx_word' id='word_1_236' title='bbox 1113 3791 1155 3854; x_wconf 87' lang='lat' dir='ltr'><strong>eb</strong></span> <span class='ocrx_word' id='word_1_237' title='bbox 1173 3790 1319 3853; x_wconf 79' lang='lat' dir='ltr'><strong>Ariadna</strong></span> <span class='ocrx_word' id='word_1_238' title='bbox 1330 3794 1502 3871; x_wconf 90' lang='lat' dir='ltr'><strong>acceperat</strong></span> <span class='ocrx_word' id='word_1_239' title='bbox 1518 3792 1567 3868; x_wconf 72' lang='lat' dir='ltr'><strong>tt).</strong></span> 
     </span>
     <span class='ocr_line' id='line_1_33' title="bbox 402 3884 1568 3969; baseline -0.002 -20"><span class='ocrx_word' id='word_1_240' title='bbox 402 3884 498 3950; x_wconf 89' lang='lat' dir='ltr'><strong>Nunc</strong></span> <span class='ocrx_word' id='word_1_241' title='bbox 521 3886 623 3949; x_wconf 88' lang='lat' dir='ltr'><strong>etiam</strong></span> <span class='ocrx_word' id='word_1_242' title='bbox 638 3886 782 3968; x_wconf 90' lang='lat' dir='ltr'><strong>piurima</strong></span> <span class='ocrx_word' id='word_1_243' title='bbox 796 3887 904 3967; x_wconf 86' lang='lat' dir='ltr'><strong>sigilla</strong></span> <span class='ocrx_word' id='word_1_244' title='bbox 928 3888 982 3953; x_wconf 86' lang='lat' dir='ltr'><strong>vel</strong></span> <span class='ocrx_word' id='word_1_245' title='bbox 997 3892 1187 3952; x_wconf 89' lang='lat' dir='ltr'><strong>statuarum</strong></span> <span class='ocrx_word' id='word_1_246' title='bbox 1216 3888 1408 3969; x_wconf 89' lang='lat' dir='ltr'><strong>fragmenta</strong></span> <span class='ocrx_word' id='word_1_247' title='bbox 1435 3890 1568 3951; x_wconf 86' lang='lat' dir='ltr'><strong>exstant</strong></span> 
     </span>
     <span class='ocr_line' id='line_1_34' title="bbox 400 3982 1564 4066; baseline -0.002 -19"><span class='ocrx_word' id='word_1_248' title='bbox 400 3983 443 4047; x_wconf 92' lang='lat' dir='ltr'><strong>ad</strong></span> <span class='ocrx_word' id='word_1_249' title='bbox 463 3982 609 4066; x_wconf 90' lang='lat' dir='ltr'><strong>speciem</strong></span> <span class='ocrx_word' id='word_1_250' title='bbox 619 3985 700 4050; x_wconf 89' lang='lat' dir='ltr'><strong>deae</strong></span> <span class='ocrx_word' id='word_1_251' title='bbox 713 3985 906 4061; x_wconf 88' lang='lat' dir='ltr'><strong>informata,</strong></span> <span class='ocrx_word' id='word_1_252' title='bbox 922 3991 956 4050; x_wconf 93' lang='lat' dir='ltr'><strong>et</strong></span> <span class='ocrx_word' id='word_1_253' title='bbox 967 3985 1057 4050; x_wconf 91' lang='lat' dir='ltr'><strong>tituli</strong></span> <span class='ocrx_word' id='word_1_254' title='bbox 1082 3986 1235 4050; x_wconf 93' lang='lat' dir='ltr'><strong>nonnulii</strong></span> <span class='ocrx_word' id='word_1_255' title='bbox 1250 3986 1284 4049; x_wconf 94' lang='lat' dir='ltr'><strong>in</strong></span> <span class='ocrx_word' id='word_1_256' title='bbox 1299 3984 1465 4049; x_wconf 91' lang='lat' dir='ltr'><strong>honorem</strong></span> <span class='ocrx_word' id='word_1_257' title='bbox 1492 3984 1564 4064; x_wconf 88' lang='lat' dir='ltr'><strong>ejus</strong></span> 
     </span>
     <span class='ocr_line' id='line_1_35' title="bbox 399 4081 1565 4167; baseline 0 -22"><span class='ocrx_word' id='word_1_258' title='bbox 399 4081 565 4163; x_wconf 89' lang='lat' dir='ltr'><strong>concepti:</strong></span> <span class='ocrx_word' id='word_1_259' title='bbox 580 4100 725 4163; x_wconf 89' lang='lat' dir='ltr'><strong>quorum</strong></span> <span class='ocrx_word' id='word_1_260' title='bbox 739 4088 830 4146; x_wconf 87' lang='lat' dir='ltr'><strong>aetas</strong></span> <span class='ocrx_word' id='word_1_261' title='bbox 844 4101 952 4167; x_wconf 91' lang='lat' dir='ltr'><strong>usque</strong></span> <span class='ocrx_word' id='word_1_262' title='bbox 964 4084 1005 4147; x_wconf 89' lang='lat' dir='ltr'><strong>ad</strong></span> <span class='ocrx_word' id='word_1_263' title='bbox 1016 4084 1164 4165; x_wconf 90' lang='lat' dir='ltr'><strong>primum</strong></span> <span class='ocrx_word' id='word_1_264' title='bbox 1177 4103 1208 4147; x_wconf 90' lang='lat' dir='ltr'><strong>a.</strong></span> <span class='ocrx_word' id='word_1_265' title='bbox 1224 4083 1257 4147; x_wconf 87' lang='lat' dir='ltr'><strong>G.</strong></span> <span class='ocrx_word' id='word_1_266' title='bbox 1274 4082 1449 4147; x_wconf 91' lang='lat' dir='ltr'><strong>saeculum</strong></span> <span class='ocrx_word' id='word_1_267' title='bbox 1464 4083 1565 4145; x_wconf 88' lang='lat' dir='ltr'><strong>inter·</strong></span> 
     </span>
     <span class='ocr_line' id='line_1_36' title="bbox 400 4179 1564 4266; baseline -0.002 -20"><span class='ocrx_word' id='word_1_268' title='bbox 400 4182 480 4246; x_wconf 93' lang='lat' dir='ltr'><strong>dum</strong></span> <span class='ocrx_word' id='word_1_269' title='bbox 503 4181 629 4245; x_wconf 89' lang='lat' dir='ltr'><strong>recidit.</strong></span> <span class='ocrx_word' id='word_1_270' title='bbox 648 4182 721 4247; x_wconf 84' lang='lat' dir='ltr'><strong>Fuit</strong></span> <span class='ocrx_word' id='word_1_271' title='bbox 736 4184 975 4266; x_wconf 77' lang='lat' dir='ltr'><strong>Aphrodisium</strong></span> <span class='ocrx_word' id='word_1_272' title='bbox 1000 4183 1036 4247; x_wconf 91' lang='lat' dir='ltr'><strong>in</strong></span> <span class='ocrx_word' id='word_1_273' title='bbox 1050 4184 1199 4266; x_wconf 90' lang='lat' dir='ltr'><strong>planitie,</strong></span> <span class='ocrx_word' id='word_1_274' title='bbox 1218 4202 1286 4248; x_wconf 94' lang='lat' dir='ltr'><strong>non</strong></span> <span class='ocrx_word' id='word_1_275' title='bbox 1302 4184 1405 4264; x_wconf 84' lang='lat' dir='ltr'><strong>ionga</strong></span> <span class='ocrx_word' id='word_1_276' title='bbox 1428 4179 1564 4261; x_wconf 91' lang='lat' dir='ltr'><strong>amari,</strong></span> 
     </span>
     <span class='ocr_line' id='line_1_37' title="bbox 399 4278 1560 4366; baseline 0.002 -23"><span class='ocrx_word' id='word_1_277' title='bbox 399 4278 562 4360; x_wconf 85' lang='lat' dir='ltr'><strong>hpollinis</strong></span> <span class='ocrx_word' id='word_1_278' title='bbox 571 4280 710 4345; x_wconf 92' lang='lat' dir='ltr'><strong>delubro</strong></span> <span class='ocrx_word' id='word_1_279' title='bbox 726 4281 920 4357; x_wconf 86' lang='lat' dir='ltr'><strong>continens3</strong></span> <span class='ocrx_word' id='word_1_280' title='bbox 936 4282 1000 4346; x_wconf 93' lang='lat' dir='ltr'><strong>fuit</strong></span> <span class='ocrx_word' id='word_1_281' title='bbox 1013 4283 1048 4345; x_wconf 92' lang='lat' dir='ltr'><strong>in</strong></span> <span class='ocrx_word' id='word_1_282' title='bbox 1072 4285 1199 4366; x_wconf 92' lang='lat' dir='ltr'><strong>templo</strong></span> <span class='ocrx_word' id='word_1_283' title='bbox 1222 4284 1445 4349; x_wconf 88' lang='lat' dir='ltr'><strong>donariorum</strong></span> <span class='ocrx_word' id='word_1_284' title='bbox 1470 4282 1560 4347; x_wconf 85' lang='lat' dir='ltr'><strong>ditis·</strong></span> 
     </span>
    </p>
   </div>
   <div class='ocr_carea' id='block_1_3' title="bbox 399 4428 1558 4646">
    <p class='ocr_par' dir='ltr' id='par_1_7' title="bbox 399 4428 1558 4646">
     <span class='ocr_line' id='line_1_38' title="bbox 436 4428 1558 4515; baseline 0.004 -32"><span class='ocrx_word' id='word_1_285' title='bbox 436 4431 474 4503; x_wconf 88' lang='lat' dir='ltr'><strong>(t)</strong></span> <span class='ocrx_word' id='word_1_286' title='bbox 494 4428 698 4515; x_wconf 80' lang='lat' dir='ltr'><strong>Quodcumque</strong></span> <span class='ocrx_word' id='word_1_287' title='bbox 714 4433 750 4490; x_wconf 90' lang='lat' dir='ltr'><strong>da</strong></span> <span class='ocrx_word' id='word_1_288' title='bbox 765 4434 818 4490; x_wconf 92' lang='lat' dir='ltr'><strong>diis</strong></span> <span class='ocrx_word' id='word_1_289' title='bbox 832 4434 956 4506; x_wconf 84' lang='lat' dir='ltr'><strong>affirmo,</strong></span> <span class='ocrx_word' id='word_1_290' title='bbox 976 4454 1011 4495; x_wconf 85' lang='lat' dir='ltr'><strong>ex</strong></span> <span class='ocrx_word' id='word_1_291' title='bbox 1024 4437 1246 4510; x_wconf 89' lang='lat' dir='ltr'><strong>hieropoeornm</strong></span> <span class='ocrx_word' id='word_1_292' title='bbox 1256 4436 1415 4493; x_wconf 89' lang='lat' dir='ltr'><strong>rationibus</strong></span> <span class='ocrx_word' id='word_1_293' title='bbox 1432 4434 1558 4507; x_wconf 90' lang='lat' dir='ltr'><strong>templo-</strong></span> 
     </span>
     <span class='ocr_line' id='line_1_39' title="bbox 399 4505 876 4579; baseline 0.013 -23"><span class='ocrx_word' id='word_1_294' title='bbox 399 4518 523 4574; x_wconf 90' lang='lat' dir='ltr'><strong>rumque</strong></span> <span class='ocrx_word' id='word_1_295' title='bbox 537 4506 704 4559; x_wconf 76' lang='lat' dir='ltr'><strong>inventores</strong></span> <span class='ocrx_word' id='word_1_296' title='bbox 722 4505 876 4579; x_wconf 89' lang='lat' dir='ltr'><strong>desumpsi.</strong></span> 
     </span>
     <span class='ocr_line' id='line_1_40' title="bbox 437 4572 795 4646; baseline 0.017 -19"><span class='ocrx_word' id='word_1_297' title='bbox 437 4572 476 4646; x_wconf 77' lang='lat'><strong>(2)</strong></span> <span class='ocrx_word' id='word_1_298' title='bbox 494 4573 634 4641; x_wconf 75' lang='lat' dir='ltr'><strong>Pansam,</strong></span> <span class='ocrx_word' id='word_1_299' title='bbox 654 4590 692 4643; x_wconf 88' lang='lat' dir='ltr'><strong>rx,</strong></span> <span class='ocrx_word' id='word_1_300' title='bbox 713 4576 756 4645; x_wconf 79' lang='lat' dir='ltr'><strong>it),</strong></span> <span class='ocrx_word' id='word_1_301' title='bbox 770 4579 795 4633; x_wconf 85' lang='grc'><strong>3.</strong></span> 
     </span>
    </p>
   </div>
   <div class='ocr_carea' id='block_1_4' title="bbox 0 0 1772 5617">
    <p class='ocr_par' dir='ltr' id='par_1_8' title="bbox 0 0 1772 5617">
     <span class='ocr_line' id='line_1_41' title="bbox 0 0 1772 5617; baseline 0 0"><span class='ocrx_word' id='word_1_302' title='bbox 0 0 1772 5617; x_wconf 95' lang='lat' dir='ltr'><strong> </strong></span> 
     </span>
    </p>
   </div>
  </div>
 </body>
</html>
