3534 5617
578 1168 736 1243 CAPUT
756 1166 1021 1243 SECUNDUM

246 1504 329 1571 Quae
351 1502 393 1563 sit
414 1504 463 1563 vis
482 1504 715 1563 simulacrorum
734 1521 771 1563 ac
791 1504 983 1578 significatio.
1003 1508 1149 1579 -culus
1168 1504 1345 1564 mortalium

495 1603 662 1663 dearumve
679 1604 801 1662 nomine
822 1606 886 1663 sint
907 1604 1102 1678 appellanda.

787 2216 801 2281 l

250 2530 431 2615 Postquam
446 2532 586 2613 gentilia
605 2548 678 2597 esse
692 2532 871 2598 simulacra
884 2531 1106 2612 ostendimus,
1125 2531 1200 2614 lam
1213 2548 1379 2616 quaeren-

208 2627 290 2694 dum
304 2620 459 2713 estquod
473 2630 516 2695 sit
530 2630 642 2711 gentis
654 2633 830 2714 proprium
844 2649 980 2697 nomen.

249 2726 313 2793 Sed
337 2728 477 2792 forsitan
515 2728 600 2791 dicei
623 2728 744 2812 aliquis
770 2747 837 2793 non
874 2746 979 2793 unam
1002 2733 1139 2809 gentem
1161 2746 1378 2812 amansque

209 2843 335 2889 nomen
351 2844 482 2901 unum;
512 2827 670 2909 pleraque
697 2829 800 2898 enim,
831 2845 899 2891 non
927 2828 1042 2891 omnia
1068 2827 1218 2897 omnino.
1245 2827 1281 2889 in
1310 2845 1377 2891 uno

210 2922 314 2987 semel
330 2922 402 2987 loco
416 2942 490 2989 esse
505 2924 661 2998 iuventa;
678 2924 870 2988 societatem
885 2942 968 3005 ergo
978 2924 1166 3003 generiaut
1179 2924 1261 2987 arus
1275 2923 1376 2987 conti·
1415 2998 1420 3008 ,

208 3020 367 3083 nuatione
392 3027 676 3101 coagmentatum,
704 3020 752 3084 lta
777 3021 931 3085 locorum
958 3018 1150 3083 diversitate
1178 3018 1376 3083 dissolutam

207 3134 292 3181 esse.

243 3214 288 3279 De
303 3233 340 3280 re
354 3216 427 3298 ipsa
441 3233 507 3281 non
521 3215 696 3289 contendo,
713 3215 824 3297 utqui
838 3213 1021 3279 simulacra
1037 3233 1078 3279 ex
1092 3220 1252 3298 quattuor
1261 3213 1375 3279 diver-

205 3313 251 3378 sis
265 3314 461 3394 regionibus
476 3312 652 3394 collegisse
662 3331 716 3378 me
731 3314 796 3377 aim
807 3313 878 3395 ipse
889 3314 1081 3395 professus;
1096 3319 1263 3395 quantum
1275 3331 1374 3393 argu·

204 3416 320 3475 mento
350 3410 531 3475 concedere
557 3411 671 3474 deceat
697 3410 881 3474 videndum
906 3411 982 3475 erit.
1010 3409 1111 3491 Cujus
1139 3408 1276 3491 quidem
1303 3408 1374 3473 vim

205 3509 365 3572 facillime
389 3526 524 3591 possem
550 3514 735 3573 extenuare
762 3527 769 3571 :
801 3526 891 3585 nam,
920 3526 998 3572 cum
1021 3506 1202 3571 simulacra
1230 3506 1375 3571 sedecim

203 3607 280 3683 sinti
295 3606 453 3669 undecim
472 3606 559 3669 intra
574 3606 757 3670 reuinctum
772 3606 873 3670 simul
884 3605 1049 3687 jacebant,
1067 3624 1153 3687 quae
1167 3611 1205 3670 ut
1219 3622 1376 3680 numero,

204 3706 251 3769 ita
270 3704 468 3769 auctoritate
483 3709 516 3767 et
530 3705 615 3767 serie
627 3706 851 3787 iuncturaque
867 3704 1004 3786 pollent.
1025 3703 1111 3769 Sunt
1124 3704 1215 3768 enim
1236 3720 1374 3786 eaquae

204 3819 325 3866 omnes
341 3802 409 3883 typi
425 3802 621 3884 artificiique
636 3802 866 3866 mutationesa
883 3802 991 3884 primo
1011 3820 1115 3884 paene
1130 3801 1267 3865 exordio
1278 3801 1373 3864 exhi-

201 3900 316 3972 beant,
349 3906 383 3963 et
418 3900 537 3963 studiis
577 3900 808 3981 plenissimam
844 3900 1020 3964 materiem
1061 3900 1238 3973 sufficiant,
1281 3898 1373 3962 nullo

201 4004 378 4080 assumpto
417 3996 551 4060 aliunde
587 3998 796 4079 adjumento.
826 3997 887 4062 illa
914 4015 995 4061 vero
1030 4015 1116 4079 quae
1145 3997 1272 4080 reliqua
1295 4003 1374 4060 sunt

202 4097 365 4179 quinque,
390 4094 448 4157 illa
465 4100 613 4165 externe,
637 4102 696 4158 aut
709 4095 818 4159 aliena
832 4096 944 4167 etiem.
960 4095 1077 4177 quanti
1097 4095 1231 4158 tandem
1252 4093 1375 4158 debent

201 4192 404 4258 aestimarit
428 4190 514 4256 Sunt
535 4192 649 4255 omnia
663 4194 777 4256 habitu
801 4193 984 4271 simillima,
1000 4193 1140 4257 artiiicio
1167 4194 1235 4257 lere
1255 4191 1372 4275 paria;

203 4290 319 4354 omnia
331 4289 373 4353 ad
387 4288 608 4353 recentiorem
624 4292 692 4372 typi
707 4292 851 4355 formam
866 4297 899 4355 et
914 4292 1160 4373 provectiorem
1179 4291 1259 4354 artis
1281 4297 1372 4355 aeta·
1432 4320 1438 4329 ·

82 4402 86 4410 ·
205 4394 274 4451 tem
289 4387 458 4470 pertinent
474 4407 482 4461 ς
499 4386 579 4469 quiin
598 4387 699 4450 etiam
717 4406 821 4451 tinum
847 4408 915 4452 non
929 4407 1009 4453 vere
1024 4390 1214 4452 archelaum
1229 4394 1289 4467 est,
1316 4388 1375 4454 sed

206 4485 247 4548 ad
263 4483 470 4568 antiquitatis
492 4482 976 4567 speciemcondctum(XV11);
1002 4484 1185 4549 minimum
1206 4486 1310 4566 igitur
1332 4488 1374 4551 ed

206 4599 280 4645 rem
294 4581 481 4645 conferunt.
498 4578 584 4658 lam,
599 4580 745 4661 exceptis
757 4580 888 4645 duobus
900 4579 1088 4664 quaeraris
1102 4581 1144 4645 ad
1158 4582 1270 4648 forum
1280 4584 1374 4649 inve-
