3534 5617
242 1312 337 1378 Nune
366 1310 407 1376 de
440 1310 577 1377 nomine
604 1315 656 1377 ast
681 1310 955 1390 decernendum
990 1328 1137 1395 nemque
1164 1311 1263 1377 deam
1295 1329 1370 1377 esse

201 1414 341 1490 constat,
365 1427 533 1495 quaenam
549 1410 610 1475 des
624 1411 667 1476 sit
679 1410 874 1493 ambigitur.
896 1411 935 1476 ln
962 1410 1152 1475 herentem
1175 1410 1369 1494 quaestione

200 1514 402 1593 argumenta
416 1508 578 1574 haetenus
592 1508 738 1573 adhibita
751 1509 865 1573 minus
877 1510 1018 1593 pollent3
1039 1508 1106 1573 duo
1129 1509 1276 1574 maxime
1291 1528 1368 1593 pro·

203 1614 298 1673 sunt:
315 1612 434 1672 natura
447 1608 512 1672 lori
526 1626 592 1691 quo
607 1608 786 1673 simulacra
800 1608 924 1673 tinemut
945 1607 1093 1684 inventa,
1104 1606 1292 1687 titulorum,
1309 1608 1368 1693 qul

205 1704 392 1770 simulacris
405 1704 502 1769 incisi
515 1705 593 1783 sint,
609 1704 819 1787 significatio.

245 1804 320 1879 Sed,
336 1804 534 1888 priusquam
548 1803 645 1869 deam
657 1804 793 1869 nomine
807 1822 1053 1888 nuncupemus,
1069 1803 1238 1888 inquirere
1252 1804 1370 1869 attinet

204 1902 241 1967 in
255 1919 356 1985 quem
370 1920 552 1967 numerum
564 1906 664 1986 etque
674 1901 827 1966 ordinem
854 1902 899 1966 sit
916 1902 1100 1967 referenda.
1130 1902 1216 1967 Sunt
1230 1902 1320 1967 enim
1334 1902 1369 1966 iu

204 2000 344 2085 Olympo
358 1999 561 2081 dignitatum
575 2000 699 2081 gradus
713 2020 720 2076 ;
746 2004 826 2063 sunt
852 1999 985 2063 minora
1005 2000 1145 2064 numina
1158 2002 1366 2084 majoraque.

202 2098 249 2163 Ea
275 2104 391 2162 antam
414 2097 603 2174 simulacra,
623 2115 709 2179 quae
737 2100 816 2161 sunt
842 2097 1047 2161 deliarorum
1074 2098 1270 2173 consimilia,
1299 2099 1369 2163 deis

203 2196 389 2263 minoribus
403 2196 591 2259 attribuunt
605 2193 842 2271 ttitohhoeffan
868 2194 1064 2260 Gherardini
1074 2196 1114 2278 (t)
1126 2196 1249 2279 aliique
1263 2197 1367 2261 dooti:

202 2313 288 2380 quae
306 2293 480 2378 Nymphis,
498 2294 605 2371 Horis,
621 2292 739 2371 Parcis,
761 2292 988 2358 charitibusve
1010 2294 1208 2375 olllngendis
1222 2296 1369 2361 maxime

201 2392 323 2458 idonea
337 2392 529 2457 existimant
542 2412 550 2467 ς
565 2391 718 2456 Damlem
734 2391 835 2455 etiam
850 2392 1099 2473 Auxaslamque
1121 2392 1176 2475 (2),
1199 2393 1368 2457 arroteriis

201 2492 377 2573 aeginetici
399 2492 515 2574 templi
537 2490 723 2572 impositas,
736 2495 1010 2554 commemorent.
1035 2490 1093 2555 llis
1115 2491 1271 2555 assentiri
1282 2492 1370 2556 ride·

203 2594 258 2653 tur
290 2588 543 2671 Furtwaeuglar
570 2590 611 2672 (3)
646 2588 714 2671 qui,
738 2588 835 2652 utils
863 2588 1065 2671 obsequatur
1105 2606 1189 2672 quae
1215 2588 1298 2653 detti
1328 2589 1369 2653 do

201 2687 435 2772 antiquissima
447 2687 575 2751 insulae
591 2685 729 2751 historia
744 2684 926 2761 tradebant,
939 2691 997 2750 aut
1011 2686 1189 2767 virginum
1208 2687 1369 2770 hyperbo-

203 2804 349 2862 marum,
367 2791 426 2849 ant
442 2785 518 2849 dull
532 2785 680 2849 filiarum
703 2789 830 2847 statuas
858 2802 932 2847 esse
956 2786 1172 2865 conjectatur,
1199 2804 1284 2868 quas
1297 2785 1365 2850 Deli

200 2890 279 2949 sunt
293 2887 469 2961 inventao3
485 2890 632 2947 attamen
646 2883 743 2947 aliter
765 2882 1060 2965 interpretantibus
1075 2901 1143 2947 non
1157 2884 1364 2948 adversatur.

240 2984 315 3049 Non
328 2984 408 3048 libet
424 2982 550 3047 reterre
566 2999 705 3064 eaquae
721 2980 855 3045 llamiae
869 2979 1101 3063 Aunesiaeque
1128 2979 1362 3064 appellationi·

202 3081 396 3161 husobjeeit
410 3078 537 3157 Brunn‚
553 3096 614 3143 neo
631 3096 716 3162 quae
741 3076 814 3141 aliis
845 3077 1042 3158 singillatim
1070 3078 1168 3160 objici
1197 3085 1363 3160 possunt3

201 3182 260 3247 sod
273 3180 314 3245 de
324 3180 403 3244 llelo
418 3166 549 3243 tantum
561 3176 735 3241 disseram.

242 3280 310 3345 llor
324 3278 479 3363 equidem
493 3276 589 3342 valdo
602 3275 717 3349 miror,
734 3274 882 3339 minores
911 3274 1000 3351 deas,
1018 3279 1052 3338 at
1071 3291 1157 3357 quae
1176 3274 1211 3338 in
1226 3274 1365 3359 Olympo

200 3377 418 3451 famulantur,
440 3379 534 3439 tanta
560 3372 725 3454 religione
752 3387 825 3437 esse
851 3372 1030 3455 praeditas,
1068 3373 1166 3436 toties
1190 3392 1366 3456 expressas

199 3476 315 3549 fuisse,
352 3474 427 3538 illos
450 3490 535 3556 quae
554 3476 699 3554 regnant
722 3471 955 3553 imponantque
983 3470 1170 3533 simulacris
1194 3471 1364 3536 caruisse:

199 3573 290 3658 quod
320 3572 348 3636 si
375 3588 494 3636 verum
519 3574 580 3647 ost,
611 3570 683 3634 veri
713 3588 926 3652 nequaquem
951 3568 1060 3634 simile
1086 3574 1147 3643 est,
1174 3586 1366 3653 quanquam

199 3675 336 3737 fortuna
349 3670 385 3733 in
399 3669 656 3733 simulacrorum
673 3667 800 3732 vicibus
815 3667 1017 3732 dominatur.
1038 3666 1081 3731 At
1101 3667 1193 3731 enim
1206 3666 1363 3744 Charites,
1396 3713 1398 3716 -

202 3772 310 3837 Horae
324 3770 475 3853 aliaeque
489 3768 641 3851 ejusdem
655 3767 789 3849 generis
804 3766 896 3840 deae,
912 3772 971 3831 aut
984 3767 1119 3848 gemina
1134 3772 1213 3830 sunt
1227 3767 1366 3830 numina

201 3876 260 3935 aut
285 3868 482 3951 trigemine;
512 3885 616 3950 quare
641 3866 772 3946 efligies
800 3883 918 3930 earum
945 3864 1115 3929 abundare
1138 3864 1193 3929 vol
1219 3864 1365 3928 maximo

202 3971 356 4053 possunt.
373 3966 581 4040 lmmovero‚
598 3964 627 4029 si
644 3971 764 4028 natura
778 3963 926 4047 duplices
940 3960 1130 4046 triplicesue
1140 3967 1229 4037 sunt,
1252 3962 1281 4025 si
1294 3967 1365 4026 erte

200 4068 396 4148 conjunctae
423 4062 611 4127 necessario
637 4062 785 4139 fuerunt,
825 4060 882 4143 qui
908 4061 1008 4124 utut
1042 4059 1121 4135 Deli,
1152 4078 1194 4123 ox
1230 4059 1360 4124 duabus

198 4164 360 4235 tribusve,
373 4161 525 4243 singulae
542 4164 675 4224 tantum
690 4158 887 4243 superstites
900 4157 1036 4233 luerint,
1053 4157 1152 4240 idque
1166 4156 1357 4241 quinquies.

235 4314 492 4389 (llllllohhoellor,
515 4314 606 4371 tritu.
631 4312 660 4371 d.
681 4316 714 4371 D.
733 4314 769 4370 Α.
789 4314 872 4369 lost..
898 4314 931 4367 in
951 4312 1051 4380 Athen,
1066 4328 1095 4383 r,
1114 4328 1143 4385 p.
1163 4313 1225 4382 ³¹3,
1242 4313 1272 4367 et
1292 4327 1361 4379 n.r;

204 4387 522 4532 Ghletladgllel’sgntce'ntia
546 4455 690 4529 plerisque
714 4454 831 4529 placuit,
849 4452 975 4511 Bruanio
985 4454 1080 4509 minus
1088 4453 1244 4526 probabilis
1252 4454 1366 4511 ridetur

201 4517 307 4587 anesin
326 4536 345 4586 r.
357 4530 428 4586 deta
444 4528 537 4599 styps.
557 4528 590 4583 de
603 4526 762 4600 nunonp.
774 4528 833 4597 aa).

237 4602 275 4676 (3)
321 4602 378 4658 rot.
394 4601 472 4668 doit,
500 4601 578 4669 1882,
592 4614 623 4671 p.
643 4599 704 4655 327.
715 4628 749 4641 -
764 4598 971 4655 Dianenomeu
991 4596 1034 4653 illi
1047 4613 1106 4654 uon
1119 4595 1258 4669 displicet.
