3534 5617
952 644 1117 713 ...98-
1176 718 1180 723 ,

485 812 528 879 lie
541 813 689 895 eorporis
703 812 853 877 ubertate
865 810 946 894 quid
959 809 1136 893 utriusque
1151 807 1269 893 populi
1292 807 1457 872 natmalis
1478 804 1613 870 indoles

442 908 573 975 allicere
599 908 746 991 potuerit
767 926 836 973 non
860 906 965 990 liquet
981 930 990 984 3
1006 906 1060 970 cui
1086 910 1201 969 tamen
1228 903 1416 987 plurimum
1442 902 1609 967 tribuam.

442 1004 528 1072 Sunt
553 1010 667 1071 autem
680 1006 716 1069 in
726 1006 955 1089 sculptura,ut
967 1004 1002 1068 in
1016 1002 1216 1085 eloquentia,
1225 1020 1352 1084 genera
1364 1001 1443 1074 dno,
1459 1000 1612 1065 altarum

441 1104 568 1187 pingue
582 1108 682 1187 atque
694 1103 876 1187 adipatum,
887 1103 1012 1167 siccum
1023 1101 1169 1167 alterum
1179 1102 1413 1184 ieiunumqne.
1429 1098 1472 1165 Ut
1492 1096 1610 1164 Graeci

440 1200 555 1267 Asiam
569 1200 755 1267 habitantes
768 1200 1011 1267 redundantem
1019 1198 1344 1282 magniloquentiam
1357 1196 1605 1281 praetulerunt,

440 1300 487 1373 sic
513 1299 689 1365 laetiorem
712 1300 748 1364 in
770 1298 950 1382 sculpendo
977 1298 1175 1374 ubertatem,
1205 1296 1317 1373 medo,
1345 1295 1603 1362 adamaverunt.

441 1396 534 1475 Quod
561 1397 696 1481 quidem
732 1397 882 1463 studium
909 1396 992 1462 adeo
1019 1394 1055 1461 in
1081 1394 1239 1461 omnihus
1265 1393 1348 1459 locis
1376 1392 1607 1476 omnibusque

440 1498 597 1581 operibus
611 1500 747 1575 eminet,
769 1503 808 1565 ut
821 1497 958 1581 ingenio
976 1496 1129 1576 insitum,
1155 1513 1225 1561 non
1250 1494 1438 1561 imitatione
1465 1499 1607 1578 partum

441 1595 606 1661 videatur.

477 1691 553 1758 Jem
566 1712 647 1759 vero
661 1692 809 1777 partium
822 1691 1019 1775 compositio
1038 1691 1075 1755 in
1097 1690 1227 1756 collatis
1248 1689 1408 1773 operibus
1428 1706 1502 1755 non
1524 1706 1610 1754 oon·

439 1790 528 1857 cinit.
547 1790 631 1869 Quid
658 1791 748 1875 quod
761 1789 904 1874 singulis
918 1790 1062 1855 nimium
1082 1789 1164 1854 dant
1184 1788 1325 1872 Assyrii,
1353 1787 1468 1855 Graeci
1495 1786 1610 1871 operis

439 1906 593 1955 summae
609 1890 743 1972 singula
760 1888 941 1973 prudenter
964 1887 1167 1971 subjiciunt?
1189 1886 1288 1971 Apud
1309 1904 1396 1971 paros
1422 1900 1609 1952 nervorum

439 1988 596 2052 duritiem
622 2006 660 2052 ee
685 1993 855 2053 tumorem
882 2004 952 2052 non
983 1986 1219 2069 reprehendas,
1248 2003 1336 2070 puae
1360 1986 1398 2050 in
1431 1985 1608 2068 sculptura

436 2086 565 2169 assyria
590 2084 783 2161 offendunt3
818 2103 888 2150 non
910 2084 1124 2165 assurgentia
1153 2083 1331 2166 supercilia
1365 2082 1522 2148 inventas
1547 2082 1602 2164 (t).

437 2181 556 2247 Vultus
572 2200 650 2265 pars
680 2201 720 2249 ea
740 2188 792 2249 est
816 2200 903 2266 quae
935 2182 1084 2247 maxime
1110 2181 1232 2257 differt,
1261 2182 1423 2265 quoniam
1455 2180 1603 2246 artifices

437 2278 515 2344 hine
527 2287 628 2363 atque
644 2280 722 2345 hinc
735 2279 860 2346 civium
874 2297 1014 2346 suorum
1028 2279 1147 2345 taciem
1159 2279 1388 2345 imitabantur.

477 2376 552 2457 Sed,
570 2376 660 2441 iniis
674 2396 808 2461 quoque
830 2396 917 2462 quae
939 2377 1088 2443 maxime
1109 2376 1301 2454 concinunt,
1320 2376 1429 2441 multa
1439 2376 1603 2443 materiae

437 2479 570 2555 natura,
583 2475 692 2541 multa
719 2475 841 2542 laboris
859 2476 1078 2542 commoditas
1100 2475 1254 2561 utrisque
1275 2473 1432 2541 similiter
1453 2475 1603 2560 injunxit

437 2574 558 2657 potius,
577 2591 680 2657 quam
693 2574 836 2641 imitatio
849 2574 1057 2641 assimilavit.

475 2669 544 2735 lloc
555 2669 699 2753 denique
713 2671 876 2736 memoria
890 2670 1074 2737 tenendum
1088 2675 1149 2748 eat,
1158 2674 1287 2736 statuas
1300 2670 1334 2735 in
1346 2670 1485 2753 Assyria
1497 2672 1604 2737 raris·

436 2766 539 2831 simus
553 2768 691 2850 esse(tl;
704 2768 862 2833 mulieres
875 2769 918 2833 ah
940 2768 1099 2834 universa
1108 2770 1283 2851 sculpture
1295 2769 1366 2835 iere
1379 2768 1529 2835 abluisse
1541 2770 1600 2853 (3);

437 2862 526 2941 deas,
543 2863 572 2928 si
585 2881 671 2946 quae
693 2871 882 2943 occurrunt,
897 2864 1005 2930 nudas
1031 2865 1163 2931 ostendi
1189 2865 1249 2948 (t).
1282 2864 1399 2949 ltaque
1419 2871 1480 2931 aut
1512 2867 1607 2931 nulla

437 2961 592 3045 exempla
623 2962 857 3045 suppetebant.
892 2968 952 3029 aut
981 2962 1193 3047 paucissima,
1222 2968 1369 3047 atquae
1394 2964 1600 3031 contrariam

436 3059 603 3125 rationem
616 3058 828 3127 exhiberent.

475 3156 661 3235 Querenon
681 3158 879 3238 negaverim
894 3160 1075 3242 qnamdam
1095 3176 1169 3224 esse
1192 3158 1397 3225 dehawnm
1409 3165 1602 3227 smtuarum

409 3326 413 3345 Ι
435 3273 514 3321 cum
531 3254 668 3340 assyriis
687 3256 943 3337 cognationem
965 3257 1007 3321 iis
1031 3257 1135 3323 etiam
1158 3256 1234 3340 plus
1267 3258 1474 3324 auctoritatis
1495 3276 1599 3344 quam

435 3353 599 3437 aegyptiis
613 3354 835 3419 concesserim
848 3374 856 3432 ;
871 3356 942 3433 sed,
956 3372 1034 3421 cum
1047 3356 1213 3423 rationem
1222 3354 1330 3421 haheo
1340 3356 1600 3425 similitudinum

434 3470 519 3535 quae
553 3452 649 3536 quasi
678 3453 883 3519 necessariae
920 3460 1011 3531 sunt,
1055 3472 1136 3520 cum
1171 3461 1292 3539 reputo
1330 3454 1474 3521 tirasona
1515 3457 1600 3523 nihil

434 3550 667 3635 assumpsisse,
681 3550 772 3634 quod
785 3569 854 3617 non
873 3551 910 3617 in
927 3552 1029 3617 aliam
1046 3552 1224 3637 sculpendi
1245 3551 1466 3637 disciplinam,
1496 3556 1599 3621 aliana

432 3665 641 3725 mensuram,
655 3648 736 3712 alias
751 3650 887 3731 formas,
903 3650 1054 3734 aliosque
1078 3657 1176 3734 typos
1192 3652 1436 3729 transtulerint,
1457 3652 1599 3720 liberam

434 3746 666 3827 sinceramque
678 3744 878 3811 industriam
899 3749 1009 3829 magis
1026 3747 1186 3827 admiror,
1201 3766 1306 3833 quam
1323 3748 1468 3817 docuere
1487 3750 1601 3818 imita·

434 3843 562 3908 tionem
575 3840 802 3924 deprehende.

473 3937 582 4005 Immo
596 3940 817 4007 simulacrum
831 3942 914 4009 illud
928 3944 1121 4011 inchoatum
1139 3962 1179 4011 ac
1202 3945 1298 4029 rude,
1320 3946 1412 4032 quod
1433 3945 1601 4015 manda

433 4036 603 4120 dedicavit,
620 4040 738 4105 statuis
752 4042 888 4124 assyriis
896 4044 968 4125 lam
982 4050 1139 4127 praestat,
1154 4050 1308 4111 maturae
1323 4052 1357 4111 et
1376 4064 1481 4131 prope
1490 4062 1603 4115 aenea·

433 4136 537 4203 centis
551 4137 633 4203 artis
648 4140 815 4223 operibus.
845 4140 904 4205 Est
916 4138 1008 4207 enim
1020 4142 1209 4227 expeditius
1222 4149 1257 4210 et
1270 4144 1382 4229 magis
1403 4146 1600 4230 sculpturas

469 4313 493 4389 (l
517 4316 592 4371 llaec
604 4316 703 4372 tamen
716 4319 854 4375 notantur
865 4319 896 4375 in
910 4320 1049 4394 cypriacis
1062 4319 1233 4381 simulacris.

468 4389 495 4453 (a
519 4388 626 4456 Pera-ot,
642 4389 714 4445 Hist.
728 4390 760 4445 dc
771 4389 853 4458 t’Art,
866 4408 897 4460 11,
913 4408 942 4465 p.
959 4393 1010 4452 tte
1024 4408 1089 4467 sqq.

480 4460 495 4513 3
519 4459 629 4526 Perrot,
645 4460 729 4533 latu,
749 4476 780 4533 p.
797 4464 924 4519 too-702.

479 4529 496 4585 i
521 4530 605 4599 usa,
621 4528 702 4591 tahh.
719 4534 762 4603 tt,
777 4532 840 4608 228,
857 4534 921 4605 iil,
933 4536 995 4594 2³2.
