3534 5617
615 1545 772 1624 CAPUT
798 1548 998 1625 PRIMUM

216 1826 370 1893 Quaenam
385 1827 548 1889 simulacra
566 1831 598 1891 in
619 1832 861 1909 disputationem
881 1834 944 1894 sint
962 1831 1153 1893 adhibenda.
1176 1862 1212 1875 -
1232 1833 1315 1899 Quae
1342 1831 1384 1890 sit

251 1925 516 2000 cuiusquetorma.
537 1958 574 1975 -
593 1932 658 1999 Qua
676 1933 859 2005 cognatione
878 1932 941 1991 sint
958 1933 1062 1992 omnia
1079 1930 1254 2005 coniuncta.

258 2455 292 2524 Si
306 2458 382 2542 quis
393 2458 453 2525 tibi
466 2459 596 2542 effigies
610 2460 677 2527 duo
688 2460 911 2546 proposuerit,
923 2458 1020 2544 pueri
1032 2476 1137 2525 unam
1148 2454 1296 2533 intentis,
1309 2474 1385 2544 pro⁴

212 2554 297 2619 vecti
310 2554 374 2621 viri
389 2556 540 2635 alteram,
549 2558 680 2625 etiamsi
690 2563 901 2643 compertum
911 2557 1231 2624 habueriseamdem
1242 2563 1385 2642 utraque

210 2668 389 2735 personam
414 2654 567 2739 exprimi,
587 2675 690 2740 aegre
703 2656 883 2740 agnoveris
896 2655 1150 2721 similitudinem
1168 2654 1384 2740 quantulam·

210 2766 365 2834 cumque
393 2750 451 2818 Sin
465 2752 630 2837 plurimae
644 2759 828 2839 suppetunt
845 2772 887 2820 ex
901 2754 1016 2819 ordine
1031 2752 1207 2835 imagines,
1226 2752 1316 2819 oculi
1330 2751 1385 2819 vel

211 2848 334 2931 raptim
347 2850 551 2935 circumiecti
570 2844 1001 2919 consentientemomnium
1024 2852 1260 2935 cognationem
1276 2851 1383 2935 perci-

217 2944 320 3028 pient.
336 2948 424 3015 Sunt
436 2950 527 3015 enim
541 2952 637 3035 quasi
653 2952 795 3030 vincula,
812 2952 934 3036 quibus
952 2950 1041 3016 inter
1053 2968 1127 3016 sese
1140 2954 1383 3016 connectuntur

215 3043 271 3110 vel
284 3064 355 3120 eae,
374 3064 461 3130 quae
475 3054 509 3113 et
523 3055 672 3133 tempere
684 3050 965 3135 disjunctissimas
979 3054 1011 3115 et
1021 3048 1131 3133 specie
1144 3054 1223 3114 sunt
1236 3046 1389 3114 diversis·

216 3142 333 3209 simae.
362 3144 471 3211 Immo
494 3165 585 3225 vero,
611 3148 670 3232 qni
696 3148 848 3231 singulm
876 3146 1083 3232 pedetentim
1110 3144 1383 3220 consideraverit,

214 3240 368 3306 mutandi
382 3242 633 3313 continuatione
647 3246 796 3329 delusae,
813 3245 1038 3312 mutationem
1061 3244 1119 3312 vix
1133 3243 1381 3328 deprehendat;

212 3339 509 3423 quemadmodum,
542 3362 620 3409 cum
656 3344 811 3411 homines
839 3348 906 3409 duo
929 3342 1055 3408 multos
1078 3359 1186 3407 annos
1219 3347 1384 3425 perpetuo

214 3438 381 3504 consortio
404 3441 593 3521 convixere,
621 3443 721 3509 ambo
742 3443 777 3507 in
800 3442 871 3509 dies
894 3440 952 3508 alii
973 3440 1050 3507 iacti
1076 3445 1167 3517 sunt,
1187 3440 1288 3505 ambo
1309 3456 1382 3505 sese

214 3532 360 3602 invicem
381 3538 518 3605 eosdem
533 3559 606 3606 esse
619 3546 750 3608 rentur.
1340 3594 1349 3613 .

251 3632 347 3701 Haud
361 3636 458 3703 aliter
471 3638 553 3704 artie
567 3658 669 3723 opera
685 3639 899 3707 cernentibus
910 3636 1047 3717 accidit3
1063 3655 1143 3703 nam
1157 3636 1239 3703 artie
1252 3654 1388 3723 quoque

215 3736 266 3797 est
279 3732 421 3816 pueritia
437 3735 603 3820 quaedam
628 3741 662 3803 et
674 3738 815 3821 invente
837 3742 872 3802 et
891 3739 1049 3803 senectus
1071 3734 1194 3812 etiam;
1222 3736 1270 3800 ita
1290 3741 1341 3815 ut,
1356 3734 1386 3800 si

215 3829 312 3894 rudia
325 3830 543 3919 absolutoque
557 3833 710 3917 protinus
737 3835 965 3910 conterentur,
988 3832 1171 3899 abhorrere
1195 3851 1235 3898 ea
1248 3832 1387 3898 omnino

215 3928 416 4009 clamemus;
431 3930 483 3997 isc
493 3932 599 3998 multa
610 3938 644 3998 et
655 3932 796 3999 diversis
806 3931 1015 4017 temporibus
1025 3931 1175 3997 contecta
1185 3930 1388 4013 colligantur

214 4028 314 4109 atque
328 4026 364 4091 in
376 4028 498 4093 seriem
518 4028 726 4112 digerantur,
749 4036 822 4095 tum
841 4034 995 4096 tenorem
1013 4034 1144 4095 certum
1167 4046 1242 4093 esse
1263 4026 1387 4092 intelli·

214 4122 340 4205 gimus,
355 4131 390 4191 et
405 4125 582 4193 indiscreta
593 4128 705 4193 omnia
710 4130 870 4212 junctura
879 4127 1069 4194 cohaerere.
1081 4126 1171 4205 Quae
1180 4125 1216 4190 in
1227 4124 1387 4191 archoicia

214 4224 1387 4312 praesertimsimulacrisconspicueeet,inquibuetraditoconeuetudo

214 4322 324 4406 magis
337 4322 832 4410 dominatur,propriaartiflcie
850 4323 1004 4398 incultas,
1025 4321 1187 4389 materiae
1210 4326 1245 4387 et
1265 4339 1388 4405 operae

219 4422 376 4499 obnoxia,
394 4424 645 4508 minuspotest.
668 4421 806 4504 Quodsi
827 4420 1021 4507 argumenti
1034 4422 1137 4488 etiam
1159 4426 1282 4490 natura
1296 4420 1388 4504 paria

217 4520 494 4599 suntsimulacra,
511 4540 647 4589 nemeae
660 4528 712 4589 eet
724 4521 909 4590 similitudo
919 4520 1036 4587 oculos
1050 4526 1278 4605 mentemque,
1294 4519 1388 4584 velut

219 4616 281 4685 lux
294 4620 378 4705 ipsa,
395 4620 634 4706 praestringat.
