3534 5617
684 668 862 737 ..65-

170 832 256 895 inter
271 830 386 896 doctos
401 849 442 895 ex
459 831 527 896 illis
542 832 688 915 intelligi
704 851 801 919 posse
815 834 984 917 quomodo
997 833 1103 899 virilis
1117 828 1341 916 pulchritudi-

172 930 223 995 nis
239 930 367 1015 species
382 932 425 995 sit
440 931 632 997 informata.

210 1026 305 1093 liaud
313 1027 409 1092 aliter
420 1028 563 1093 deliacao
574 1035 715 1106 statuae,
726 1032 754 1095 si
764 1050 889 1097 nornen
900 1047 1120 1115 suppressum
1133 1031 1230 1103 esset,
1243 1043 1339 1090 sum·

173 1144 264 1191 mam
278 1126 349 1190 vim
363 1144 401 1191 ac
415 1126 614 1206 dignitatem
627 1128 664 1192 iu
677 1128 782 1195 altero
796 1150 881 1195 sexu
895 1129 1103 1203 obtinerent;
1124 1126 1248 1190 scilicet
1262 1141 1338 1187 mu-

175 1222 288 1287 liebris
304 1225 488 1289 venustatis
505 1226 601 1308 quasi
616 1226 752 1307 singula
768 1228 916 1305 pericula
930 1225 1155 1302 ostenderent,
1179 1221 1340 1307 paulatim

177 1322 218 1385 ad
233 1322 472 1404 perfectionem
485 1323 637 1388 adducta.
654 1325 750 1391 Vides
762 1327 834 1408 jam
849 1344 951 1408 quam
967 1325 1033 1389 late
1047 1324 1253 1407 proferretur
1267 1320 1339 1403 typi

177 1420 367 1495 auctoritare,
385 1421 438 1484 cui
453 1420 588 1486 dimidia
601 1421 742 1487 humani
755 1426 891 1506 generis
910 1441 986 1506 pars
1011 1422 1151 1493 cederet,
1165 1418 1342 1484 dimidium

179 1518 369 1600 sculpturae
382 1552 422 1565 -
435 1519 545 1602 quoad
558 1520 594 1583 in
612 1520 759 1585 humana
783 1522 893 1605 specie
907 1520 1098 1602 attingenda
1111 1522 1284 1583 exercetur
1303 1548 1340 1565 -

179 1636 325 1697 reguum
342 1618 529 1698 subjectum
543 1626 642 1685 esset.

216 1715 322 1793 Nunc,
338 1717 497 1800 quoniam
511 1718 688 1799 angustius
703 1719 982 1801 significationem
1005 1714 1340 1799 circumscripsimus.

178 1814 356 1878 simulacra
378 1816 437 1879 uni
460 1816 541 1880 deae
566 1817 755 1893 tribuimus,
780 1818 1024 1899 investigemus
1048 1835 1133 1900 quae
1156 1814 1258 1880 fuerit
1275 1813 1344 1896 typi

178 1911 268 1976 illius
281 1913 483 1979 informandi
507 1914 560 1980 via
574 1934 613 1980 ae
633 1916 728 1989 ratio,
754 1917 812 1999 qui
836 1934 1024 2000 processus.
1051 1915 1119 1980 lloc
1141 1914 1204 1979 erit
1232 1919 1345 1977 tamen

179 2011 354 2077 universae
368 2011 559 2095 disciplinae
574 2014 669 2097 quasi
682 2015 863 2098 specimen,
875 2034 942 2100 quo
952 2015 1141 2098 silentique
1154 2012 1345 2095 sculpturae

180 2125 318 2189 graecae
332 2109 471 2175 historia
486 2130 553 2175 non
568 2112 651 2175 nihil
667 2112 899 2177 illuminanda.

221 2206 328 2289 Atque
345 2208 380 2272 in
396 2210 458 2273 hoc
472 2226 597 2289 genere
611 2211 759 2293 quinque
773 2210 858 2274 mihi
881 2210 1039 2276 videntur
1062 2228 1147 2287 esse,
1164 2226 1250 2292 quae
1273 2207 1346 2273 dili·

184 2304 333 2385 gentiam
345 2305 556 2370 examinandi
571 2308 768 2389 praesertim
784 2309 971 2390 postulent:

225 2402 374 2467 Primum
389 2404 567 2469 simulacra
580 2405 652 2488 ipsa
666 2424 733 2489 qua
746 2407 939 2489 disciplinae
962 2406 1091 2471 ratione
1105 2413 1205 2489 atque
1220 2402 1348 2487 ingenii

187 2500 341 2564 facultate
363 2500 429 2565 sint
442 2507 572 2566 mutata
595 2502 849 2586 elaborataque3
866 2504 984 2568 deinde
999 2523 1017 2568 e
1032 2504 1153 2588 quibus
1175 2501 1347 2585 principiis

186 2598 352 2678 originem
366 2599 504 2677 ducant;
521 2606 594 2682 post
612 2600 732 2684 quibus
747 2602 953 2683 temporibus
969 2602 1036 2666 sint
1050 2602 1197 2666 coniecta
1216 2599 1350 2683 quihus-

185 2715 227 2760 vo
241 2695 343 2771 locis;
359 2696 502 2781 denique
512 2704 676 2781 quatenus
690 2700 819 2764 sincera
834 2699 1005 2784 liberaque
1019 2705 1086 2764 sint
1110 2717 1250 2781 graecae
1268 2697 1350 2762 artis

186 2813 296 2879 opera,
312 2800 370 2859 aut
383 2796 511 2861 alienae
525 2796 589 2861 arti
610 2797 765 2862 obnoxia.

755 3110 784 3177 ll

229 3404 313 3470 lllud
328 3406 462 3489 quidem
480 3407 626 3490 primum
640 3408 712 3489 jam
726 3406 822 3489 attigi
849 3407 916 3472 alio
939 3408 1055 3491 capite,
1079 3424 1146 3489 quo
1169 3406 1294 3471 deliaca
1307 3403 1352 3469 si-

189 3502 339 3567 mulacra
353 3504 530 3588 descripsi:
547 3505 610 3569 fuit
624 3506 715 3568 euim
729 3510 808 3569 tunc
823 3503 930 3569 danda
942 3524 1042 3569 causa
1051 3523 1110 3568 cur
1120 3504 1272 3568 ordinem
1287 3502 1354 3567 cui·

189 3618 254 3682 que
289 3620 390 3665 suurn
419 3602 629 3679 tribuissem
658 3604 752 3666 fuere
779 3602 913 3666 habitus
940 3601 1136 3684 artificiique
1162 3600 1354 3665 discrimina

190 3714 324 3763 summo
336 3698 444 3763 studio
458 3700 620 3779 notanda3
638 3702 730 3765 luere
745 3699 1031 3763 necessitudinum
1040 3698 1173 3763 vincula
1181 3697 1351 3763 nectenda.

190 3793 278 3877 Ergo
293 3796 376 3860 nihil
399 3796 522 3861 horum
537 3797 629 3864 deest
643 3818 728 3883 quae
751 3798 1038 3862 continuationem
1064 3796 1355 3877 mutationemque

190 3894 269 3976 typi,
302 3894 336 3958 id
359 3900 408 3959 est
436 3897 517 3959 artis
544 3896 660 3978 ipsius,
688 3897 937 3969 demonstrant;
966 3896 1024 3960 sed
1043 3913 1129 3978 quae
1158 3892 1355 3985 singillatim

189 3991 408 4058 animadverti
430 3993 582 4076 singulis,
604 4001 643 4059 ut
656 3994 702 4059 ita
716 3995 835 4077 dicam,
858 3993 1046 4058 simulacris
1069 3991 1261 4065 adhaerent,
1285 4009 1355 4055 non

189 4206 308 4280 singulis
321 4207 481 4265 simulacris
496 4208 693 4269 disseruerunt
706 4208 800 4279 multi,
816 4208 1013 4303 recentissime
1024 4225 1092 4265 vero
1112 4207 1356 4309 Cellignontiiutt

188 4281 1100 4433 tilttallll'lrlll'titillatu.‘tllalttllltll'l
1113 4280 1358 4423 statuta

188 4424 270 4479 rnllr.
280 4424 359 4495 llus.)
370 4440 418 4491 ;-
428 4424 464 4479 de
474 4424 685 4552 {iffissmifflffl
707 4430 814 4493 autem,
830 4424 985 4511 Loeschlre,
997 4424 1085 4481 uitet.
1098 4424 1126 4524 d:
1146 4428 1175 4479 l).
1196 4425 1228 4479 A.
1246 4424 1359 4478 lustin

189 4494 484 4640 d‘ssznp.¹d'ig'8.3⁰4’
527 4496 704 4565 richboeller,
723 4498 813 4554 Aret.
833 4498 911 4565 Zeta,
929 4497 1007 4564 1881,
1022 4511 1053 4568 p.
1072 4493 1358 4565 tti,l·“urtwaengler,

1267 4684 1282 4730 5
