3534 5617
917 664 1089 731 ..42-

452 832 602 899 Positum
616 832 660 897 sit
681 832 787 914 igitur
800 832 836 896 in
859 831 977 914 primia
1003 832 1239 916 quodcumque
1263 828 1306 894 de
1335 846 1405 893 uno
1425 827 1585 893 demons-

411 931 571 995 traverim
585 930 627 995 ad
641 936 752 995 celero
764 933 879 995 omnia
895 932 1074 1015 pertinere.

451 1028 516 1094 Sed
540 1035 760 1107 tamencum
783 1034 895 1094 totum
918 1047 1028 1111 genus
1050 1029 1086 1093 in
1099 1028 1255 1093 cohortes
1268 1028 1353 1091 duas
1367 1024 1411 1089 ait
1423 1024 1583 1102 divisum,

410 1127 552 1193 atteram
566 1126 891 1209 antiquissimorum,
915 1127 1143 1192 recentiorum
1157 1127 1307 1199 alteram,
1322 1123 1429 1188 satius
1443 1123 1529 1188 duco
1543 1123 1583 1189 de

410 1230 554 1308 utraque
568 1224 716 1289 vicissim
726 1224 876 1307 judicare
893 1246 902 1301 ;
919 1224 997 1289 hinc
1010 1224 1103 1290 enim
1116 1243 1185 1289 non
1198 1240 1320 1308 parum
1328 1222 1582 1287 confirmabitur
1690 1272 1695 1283 .

406 1324 582 1409 judicium,
606 1322 635 1387 si
649 1322 845 1401 sententiae,
862 1324 1044 1406 separatim
1060 1323 1178 1398 dictae,
1194 1322 1381 1387 eoncinant.

454 1421 555 1487 Venio
566 1422 640 1503 jam
652 1420 694 1485 ad
708 1420 990 1503 significationem
1003 1419 1250 1504 inquirendam,
1269 1424 1371 1502 atque
1385 1423 1423 1482 ut
1437 1417 1578 1495 Aeneae,

411 1518 592 1603 perplexus
605 1520 717 1602 rogito
732 1541 741 1583 ι

591 1733 614 1791 0
629 1748 717 1807 qnam
728 1734 758 1789 le
772 1749 945 1803 memorem,
959 1733 1070 1808 virgo?

413 1955 480 2021 qna
496 1942 530 2099 π
543 1937 663 2019 digner
677 1938 880 2015 condicione,
903 1940 1058 2006 divinans
1071 1958 1116 2005 an
1131 1938 1296 2005 mortali?
1311 1938 1384 2017 Quo
1398 1942 1432 2003 te
1446 1936 1581 2003 nomina

413 2053 499 2121 appe
526 2040 611 2101 emt

982 2377 1011 2442 Il

453 2685 490 2750 ln
503 2685 564 2749 hac
580 2686 820 2769 interpretandi
835 2690 974 2772 ratione,
1000 2690 1083 2755 haec
1097 2688 1310 2771 potissimum
1324 2685 1488 2773 perpendi
1501 2693 1579 2755 sunl

415 2783 533 2848 solita:
562 2784 676 2849 vultus
704 2786 903 2868 significatio
929 2795 963 2853 et
990 2788 1138 2871 corporis
1165 2788 1440 2870 ipsiuaindoles3
1465 2794 1580 2869 gestus

414 2881 633 2965 habitusque;
653 2886 793 2949 vestitus
808 2886 1025 2969 reliquusque
1039 2888 1164 2957 cultua;
1178 2885 1325 2966 insignia
1342 2886 1486 2969 deniqne
1497 2904 1581 2969 quae

414 2980 610 3062 saepissimo
637 2981 748 3046 addita
771 2990 862 3047 sunt.
894 2983 969 3049 lam
983 3003 1064 3050 vcro
1087 2984 1282 3066 hujusmodi
1308 2988 1581 3064 argumentaaul

414 3078 525 3142 neutri
542 3078 802 3145 simulacrorum
813 3082 922 3158 seriei,
936 3088 996 3147 aut
1010 3084 1069 3147 uni
1084 3089 1216 3147 tantum
1230 3086 1310 3146 sunt
1318 3082 1578 3146 accommodata.

453 3173 547 3251 Nam,
564 3194 641 3240 cnm
664 3179 727 3241 tria
743 3179 851 3261 capita
866 3186 1057 3264 suppetant,
1076 3180 1141 3245 dno
1163 3187 1243 3270 sunt
1256 3180 1441 3244 admodum
1456 3181 1578 3255 attrita,

414 3290 521 3337 unum
532 3292 550 3336 a
561 3292 698 3356 corpore
712 3279 920 3359 sejunctum
937 3279 1122 3361 cojnaltab.
1135 3279 1173 3362 V)
1197 3297 1234 3343 os
1263 3278 1411 3343 cernitur
1430 3277 1577 3360 quidem,

413 3371 471 3435 sed
491 3372 573 3435 nihil
589 3372 624 3438 in
645 3391 684 3437 eo
698 3382 846 3457 apparet,
863 3378 928 3441 nisi
943 3378 1013 3442 risu
1027 3383 1211 3461 temperata
1224 3379 1393 3460 majestas,
1411 3395 1498 3460 quae
1512 3384 1577 3440 sla·

415 3471 480 3533 tuis
513 3472 628 3535 mollis
665 3476 832 3541 convenit.
861 3474 938 3540 Fuit
967 3477 1102 3560 qnidam
1126 3476 1384 3560 praeclarissimi
1414 3480 1576 3560 cujusque

412 3567 553 3633 deorum
572 3571 781 3655 heroumqne
804 3575 981 3656 peculiaria
996 3596 1034 3639 ac
1048 3578 1183 3658 propria
1206 3577 1333 3659 species
1346 3594 1444 3659 qnae,
1464 3580 1577 3640 mente

411 3664 578 3730 artillcum
593 3668 782 3748 informata,
808 3678 964 3736 naturam
983 3677 1056 3753 ejus
1078 3674 1323 3756 ingeniumque
1349 3674 1578 3755 exprimeret3

411 3780 532 3826 verum
560 3763 653 3827 illam
681 3766 902 3833 subtilitatem
928 3770 963 3833 in
978 3772 1125 3851 egregiis
1142 3771 1306 3854 perfectae
1326 3771 1408 3835 artis
1422 3772 1579 3855 operibus

410 3860 575 3934 invenias,
590 3862 626 3925 in
641 3866 787 3947 antiquis
799 3885 837 3930 ac
852 3868 992 3933 rudibus
1007 3870 1131 3933 frustra
1145 3871 1309 3954 requiras.

452 3954 595 4023 Pallinm
610 3960 826 4049 tunicamque
848 3966 882 4027 in
898 3973 1042 4050 utroquo
1058 3986 1153 4041 sexu.
1181 3969 1218 4033 in
1237 3986 1451 4052 quacumque
1465 3968 1582 4034 condi-

410 4054 505 4119 cione
520 4063 682 4139 usurpata
697 4058 801 4123 luisse
816 4062 988 4127 neminem
1004 4064 1169 4144 fogitani
1184 4085 1264 4130 vasa
1274 4066 1362 4148 picta
1375 4068 1428 4129 vel
1443 4067 1584 4131 minime

409 4150 638 4231 innotuerint;
665 4156 790 4219 variam
813 4159 1035 4240 componendi
1057 4162 1200 4226 amictus
1222 4164 1388 4227 rationem
1403 4170 1583 4227 consuetu·

409 4252 477 4316 dini
491 4255 644 4335 paruisse
658 4263 922 4322 consentaneum
936 4266 998 4324 est.
1024 4260 1090 4325 Nec
1104 4264 1183 4345 qnia
1198 4282 1281 4328 auro
1295 4262 1438 4344 insignis
1460 4264 1584 4328 mulier

410 4350 545 4421 monile,
575 4352 722 4428 inaurea,
750 4354 870 4419 ssbulas
897 4368 1070 4442 eoumque
1100 4361 1198 4441 gerit,
1237 4361 1360 4425 certius
1397 4361 1582 4444 quidquam

409 4446 486 4513 inde
499 4449 677 4531 colligitur.
704 4451 789 4530 Quin
809 4453 961 4519 diadema
983 4457 1096 4539 ipsum
1111 4475 1179 4522 non
1193 4457 1273 4522 deae
1298 4464 1428 4522 tantum
1444 4461 1577 4525 cuilibet

409 4547 575 4627 convenil,
591 4548 649 4613 sed
662 4549 818 4627 terniaco,
836 4557 874 4615 ut
890 4552 937 4617 ita
950 4553 1068 4634 dicam,
1085 4555 1202 4637 generi
1216 4561 1267 4620 esl
1280 4556 1452 4621 idoneum.
1467 4558 1579 4625 Liceat
