3534 5617
872 612 1065 680 ..100-

425 774 549 859 ltaque,
578 794 656 841 cum
684 777 909 843 certissimum
925 779 968 842 sit
981 778 1124 843 Graecos
1137 795 1157 841 a
1170 776 1390 842 Phoenicibus
1415 780 1554 840 mutua·

384 877 437 937 tos
451 892 524 939 esse
539 894 607 939 non
621 874 717 954 nihil,
743 879 910 959 quatenus
920 895 962 941 cx
975 876 1181 941 Phoenicum
1194 874 1356 958 exemplis
1385 874 1556 957 pendeant

385 972 511 1037 deliaca
524 972 704 1038 simulacra
717 974 854 1039 delinire
868 974 1104 1039 difficillimum
1119 977 1181 1039 est.

423 1069 499 1134 tam
525 1071 626 1135 totius
647 1071 764 1154 capitis
790 1072 873 1136 haec
895 1072 938 1135 sit
963 1072 1132 1137 conclusio
1158 1096 1166 1134 :

429 1169 555 1235 Deliaca
579 1171 760 1236 simulacra
773 1190 791 1236 e
807 1172 912 1235 tribus
926 1170 1035 1235 causis
1050 1169 1261 1249 exstiterunt,
1286 1169 1436 1253 lapidum
1451 1168 1553 1233 arbo-

385 1286 529 1351 rumque
551 1270 749 1348 reverentia,
766 1274 907 1333 naturae
932 1268 1071 1333 acvitae
1095 1267 1235 1344 sincera,
1259 1268 1367 1347 docili,
1395 1264 1553 1350 prudenti

384 1366 581 1441 imitatione,
613 1366 799 1433 alienorum
812 1368 1045 1452 exemplorum
1058 1363 1163 1432 liliata
1175 1385 1342 1450 parcaque
1359 1382 1551 1431 accommo-

386 1463 530 1528 datione.

424 1561 631 1645 Alnpidibus
645 1568 678 1629 et
692 1564 866 1629 arboribus
900 1569 959 1628 aut
989 1569 1076 1628 teres
1106 1568 1165 1627 aut
1191 1563 1352 1647 quadrata
1369 1564 1483 1645 ligura
1503 1568 1551 1628 est

385 1665 572 1741 assumpta;
589 1661 646 1726 sed
656 1662 889 1745 symbolorum
902 1662 971 1727 iere
985 1661 1070 1726 nihil
1086 1660 1151 1725 nisi
1164 1679 1253 1742 vaga
1272 1662 1466 1743 incertaque
1479 1679 1551 1727 vos-

384 1758 783 1842 tigiadeprehenduntur.

424 1857 474 1921 Ab
487 1865 703 1924 externorum
721 1861 925 1944 populorum
942 1860 1099 1943 operibns
1125 1865 1157 1925 et
1172 1859 1335 1943 exemplis
1348 1859 1476 1942 aliquid
1497 1860 1550 1922 de·

385 1962 580 2037 promptum
600 1964 662 2037 ast,
677 1958 747 2022 sivo
763 1958 936 2041 sculpendi
955 1958 1176 2041 disciplinam,
1197 1958 1268 2023 sivo
1293 1957 1552 2021 simulacrorum

386 2054 537 2119 habitum
560 2061 709 2139 spectes;
734 2057 849 2121 sedin
871 2058 966 2122 nulla
991 2063 1085 2140 parte
1109 2056 1239 2121 servilis
1263 2061 1315 2120 est
1339 2056 1495 2130 imitatio,
1520 2060 1553 2117 et

387 2152 601 2235 descriptioni
620 2155 757 2231 similis;
783 2155 889 2221 immo
912 2156 1108 2239 saepissime
1130 2162 1200 2219 tum
1222 2153 1327 2219 libera
1347 2160 1398 2218 ost
1434 2154 1549 2218 obscu-

387 2268 502 2334 raque,
519 2256 558 2315 ut
578 2252 657 2334 qnid
676 2252 725 2317 illi
750 2253 937 2318 tribuamus
956 2253 1158 2318 dubitemus.
1183 2251 1308 2317 Natura
1327 2251 1392 2315 luit
1405 2250 1550 2333 sculpto·

387 2366 466 2412 rum
480 2351 673 2432 exemplum
682 2369 720 2416 ac
729 2352 949 2428 moderatrix;
964 2352 1029 2417 fuit
1041 2352 1110 2415 dux
1122 2351 1300 2433 ingenium
1309 2348 1551 2415 veriteu’smire

389 2446 588 2529 studiosum,
618 2449 875 2531 pulchritudinis
896 2448 1243 2531 intelligentissimum
1261 2446 1551 2513 amantissimum-

389 2564 465 2628 que.

387 2726 469 2855 qam
485 2712 585 2782 postea
598 2712 627 2767 et
640 2712 767 2768 Dumont
786 2666 913 2783 (inurunt
932 2710 978 2768 des
1001 2709 1128 2781 Sorano,
1149 2710 1227 2781 leat,
1244 2725 1274 2783 p.
1295 2707 1368 2783 loo),
1390 2709 1421 2765 et
1447 2709 1549 2764 Perrot

424 2784 470 2838 tat.
484 2781 517 2839 de
528 2783 610 2853 t’Arc,
624 2799 666 2853 1u,
679 2800 708 2857 p.
723 2784 772 2839 tlt
781 2782 870 2857 sqq.)
888 2783 1013 2857 amplexi
1028 2787 1104 2840 sunt.
