3534 5617
708 687 876 759 ...83-

207 856 372 937 tempore,
386 852 580 920 Theodorus
595 854 728 921 Samius
742 856 932 939 Apollinem
943 856 1101 939 Pythium
1114 859 1285 924 effinxisse
1297 859 1380 925 dici-

207 957 274 1031 tur,
291 953 332 1017 iis
357 970 443 1036 quae
467 952 655 1017 daedalicee
670 958 751 1019 sunt
787 956 907 1019 statuis
930 954 1142 1019 simillimum
1157 957 1211 1039 (t).
1228 956 1320 1022 Tunc
1346 964 1381 1023 et

208 1050 278 1115 Chii
284 1051 500 1128 Archermus,
512 1049 596 1115 Naxi
609 1050 724 1135 Byzes,
735 1058 870 1117 auctore
882 1052 998 1122 Plinio,
1011 1053 1184 1118 tlorebent.
1206 1054 1380 1120 Marmoris

208 1166 289 1212 vero
317 1150 488 1232 sculpendi
512 1150 686 1214 scientiam
710 1168 789 1214 cum
816 1150 1063 1233 olympiadibus
1091 1152 1225 1216 initium
1253 1154 1380 1236 cepisse

208 1246 299 1312 idem
321 1250 450 1329 scribit;
474 1250 532 1315 sed
557 1251 705 1333 primum
729 1249 884 1315 omnium
903 1250 1113 1333 sculptorum
1135 1256 1380 1315 commemorat

209 1342 383 1420 Melonem,
400 1345 517 1429 Bupali
533 1366 709 1431 proavum,
726 1347 784 1431 qui
798 1346 933 1430 septimi
948 1347 1072 1411 saeculi
1086 1346 1205 1411 ultima
1219 1348 1379 1413 decennia

208 1444 367 1508 excedere
388 1462 456 1508 non
479 1444 599 1528 potuit,
617 1462 695 1509 cum
715 1443 862 1527 Bupalus
876 1443 930 1509 LX
950 1445 1097 1524 viguerit
1115 1445 1305 1529 olympiade
1319 1446 1376 1529 (t).

245 1540 335 1624 largo
360 1541 385 1606 L
406 1542 572 1626 olympias
595 1548 646 1606 est
667 1543 858 1625 sculpturae
883 1560 1022 1626 graecae
1045 1544 1140 1627 quasi
1165 1544 1283 1619 cardo;
1299 1550 1377 1609 ante

206 1656 321 1721 quem
335 1640 498 1705 Daedalus
521 1659 642 1724 parum
656 1641 750 1705 abest
768 1640 850 1723 quin
865 1630 996 1705 'omnia
1016 1641 1079 1705 sibi
1106 1640 1272 1720 vindicet;
1288 1650 1376 1726 post,

203 1737 320 1802 multis
336 1738 426 1811 locis,
444 1739 528 1803 varii
542 1739 685 1803 ertitlcas
699 1740 931 1803 innotuerunt.
942 1738 979 1803 ln
993 1757 1164 1804 marmore
1178 1742 1374 1823 sculpendo,

205 1835 286 1899 nihil
303 1840 380 1900 ante
393 1834 452 1902 llll
467 1837 640 1901 saeculum
655 1836 812 1902 effectum
827 1843 889 1907 est,
912 1837 1011 1922 cujus
1033 1838 1199 1902 memoria
1214 1858 1376 1922 perman-

206 1932 297 1999 serit.
315 1933 416 2018 Atqui
430 1934 609 1999 simulacra
620 1936 754 2009 deliaca,
771 1955 858 2020 quae
868 1942 948 2001 sunt
960 1936 1236 2019 antiquissimae
1253 1939 1376 2005 daeda-

152 2028 157 2033 ’
203 2030 275 2096 licis
296 2050 366 2097 non
386 2033 578 2111 abhorrent,
614 2031 667 2096 his
690 2032 906 2116 potissimum
934 2034 1143 2117 temporibus
1172 2041 1252 2101 sunt
1274 2037 1376 2119 adju·

206 2128 323 2194 dicata.

245 2228 337 2307 Quod
359 2228 399 2293 ad
424 2228 609 2293 recentiora
636 2228 766 2305 attinet,
810 2228 958 2312 Bupalus
986 2230 1182 2313 perhibetur
1220 2232 1375 2297 tunicatis

203 2326 391 2392 simulacris
406 2327 615 2400 excelluisse,
631 2326 779 2392 Charites
796 2330 881 2392 stola
896 2328 1030 2392 indutas
1045 2329 1193 2393 effecisse
1203 2330 1250 2414 (3)
1263 2352 1272 2406 ;
1288 2332 1375 2396 Cha-

201 2426 282 2489 rites
296 2432 411 2489 eutem
425 2424 459 2489 in
473 2432 544 2490 arte
562 2424 713 2489 arehaiea
740 2431 818 2489 sunt
846 2426 955 2491 Deliae
976 2426 1099 2491 ltianee
1117 2427 1244 2491 amictu
1266 2428 1375 2493 simil·

201 2523 312 2588 limae.
330 2522 400 2601 Qua
423 2542 459 2588 re
474 2530 673 2595 commotus,
703 2522 899 2589 Ghererdini
922 2523 1050 2607 Bupalo
1071 2525 1224 2589 attribuit
1245 2529 1375 2591 aventi-

201 2640 282 2686 nam
304 2627 458 2695 statuam,
477 2640 561 2704 quae
577 2626 770 2686 nostrarum
787 2640 950 2703 germana
963 2627 1015 2687 est
1028 2623 1090 2706 (t);
1117 2622 1253 2707 Murray
1277 2644 1371 2701 vero,

203 2740 281 2785 cum
295 2720 441 2801 Augusti
455 2722 715 2805 aequaliumque
740 2723 814 2804 ejus
840 2722 876 2786 in
905 2724 1058 2788 archaice
1080 2728 1113 2787 et
1135 2723 1290 2805 bupalica
1310 2744 1375 2809 po·

201 2818 373 2885 tissimum
409 2837 510 2903 opere
554 2820 703 2885 studium
742 2820 902 2895 novisset,
924 2818 1074 2895 Dianam,
1104 2839 1188 2903 quae
1211 2820 1371 2886 Hercula·

201 2917 316 2983 nensis
331 2922 382 2983 est
395 2918 492 2997 dicta,
515 2918 556 2983 ed
578 2918 770 3001 bupalicum
785 2917 958 3000 exemplar
977 2918 1152 2981 confictam
1167 2936 1240 2984 esse
1259 2920 1372 3003 suspi-

201 3022 294 3081 catus
309 3026 360 3081 est
372 3016 427 3099 (5).
444 3016 515 3098 Ego
531 3034 650 3081 eorum
664 3017 863 3099 coniecturis
884 3016 1038 3080 assentiri
1052 3015 1293 3097 dubitaverim
1313 3019 1372 3084 sed

200 3114 264 3178 hoc
278 3121 430 3180 constare
452 3118 571 3197 opinor
586 3113 651 3189 LX,
675 3116 804 3180 circiter
815 3115 1005 3197 olympiade
1026 3115 1112 3179 hano
1133 3116 1371 3198 fingendarum

199 3213 383 3278 mulierum
395 3215 560 3277 rationem
574 3213 747 3277 inventam
763 3230 836 3277 esse
851 3230 937 3295 quae
951 3211 1076 3276 deliaca
1090 3214 1248 3279 exhibent
1261 3216 1371 3279 simu-

198 3308 299 3376 lacra.
315 3311 408 3389 Quod
424 3311 560 3395 quidem
574 3311 759 3377 sententiae
781 3310 937 3375 convenit
951 3310 992 3374 de
1005 3316 1113 3375 aetate
1128 3329 1247 3377 eorum
1266 3332 1370 3397 supra

200 3406 319 3474 dietae.

199 3621 290 3749 euadn
302 3621 509 3748 cumtbaedalo
530 3620 656 3679 nominis
669 3624 773 3679 nature
791 3622 970 3695 conjunctas,
984 3622 1063 3697 quod
1076 3620 1114 3678 ad
1128 3620 1275 3695 opificium
1293 3618 1371 3677 rela-

200 3710 252 3750 ren
276 3710 325 3749 um
340 3710 369 3750 es
388 3735 394 3751 .

234 3764 272 3839 (l)
291 3765 377 3823 Diod.
398 3764 469 3827 Sio..
485 3782 506 3833 1,
531 3767 577 3820 98.
598 3794 632 3806 -
658 3763 701 3821 Ab
723 3764 802 3819 omni
824 3767 924 3819 tamen
937 3767 988 3820 aut
1003 3765 1119 3837 generis
1133 3767 1183 3820 aut
1200 3762 1370 3835 disciplinae

197 3854 264 3894 eum
278 3838 405 3894 Daedalo
419 3838 592 3907 cognatione
606 3835 690 3892 liberi
708 3840 774 3891 suut
786 3835 895 3893 asiatici
910 3837 1077 3911 sculptores.

244 3909 271 3967 tl
288 3911 329 3965 Be
345 3908 391 3965 his
403 3910 489 3963 testes
504 3923 592 3979 supra
609 3906 741 3979 produxi.

229 3908 417 4105 &Pansam
440 3996 467 4034 11
500 3982 545 4046 35,
570 3984 586 4035 d
610 3980 641 4032 τά
668 3998 696 4051 γε
723 3977 752 4051 ἀρ
773 3979 872 4052 αιότερα
898 3976 1026 4051 (Χάριτας)
1049 3976 1153 4051 ἓχοόσως
1176 3976 1266 4046 ἐσθῆτα
1286 3978 1315 4031 ol
1343 3994 1371 4031 re

193 4051 229 4104 πλ
274 4071 299 4105 αι
312 4050 426 4105 καὶκατὰ
439 4022 516 4105 saith
535 4048 633 4105 ἐποίουν
647 4050 671 4105 οἱ
689 3999 823 4122 [uideor
837 4052 877 4103 καὶ
892 4049 1040 4123 Σμρναίοις
1049 4054 1124 4105 rosto
1146 4049 1190 4122 pto
1202 4049 1227 4103 ἓν
1241 4054 1279 4120 τῷ
1300 4049 1365 4120 ἱερῷ

192 4129 243 4177 τῶν
259 4122 423 4195 Νεμέσεων...
437 4122 540 4194 Χάριτες
547 4120 696 4187 ἀνάκεινται,
719 4122 793 4194 τέχνη
808 4122 974 4176 Mnesteus..
992 4121 1164 4195 Περγαμηνοῖς
1175 4120 1202 4175 δὲ
1212 4119 1331 4181 ὡσαύτως
1344 4118 1371 4173 ἐν

193 4198 230 4248 τῶ
247 4192 366 4247 ’budion
385 4193 504 4265 eeltpp,
513 4194 644 4248 Βουπάλου
653 4193 695 4246 καὶ
709 4191 791 4246 αὗταί.

217 4246 223 4266 ’
244 4266 261 4318 r
286 4264 505 4332 onerarunno.
525 4280 551 4322 o.

233 4264 272 4409 §53
290 4337 413 4409 llurray.
428 4337 543 4406 flietorp
555 4337 590 4405 o(
598 4352 642 4407 pr.
657 4336 770 4407 sculpe,
785 4349 805 4403 1,
821 4350 849 4407 p.
865 4335 910 4391 86.
