3534 5617
907 654 1123 735 -32-,

426 820 515 885 tione
528 819 670 901 dignum
684 826 745 899 est,
763 820 828 885 nisi
843 821 933 904 quod
945 838 1055 886 unum
1069 838 1111 885 ex
1125 820 1166 885 iis
1191 819 1349 886 dextrum
1372 819 1504 904 pedem,
1523 840 1594 887 non

425 917 597 981 sinistrum
612 922 798 1000 promovet,
814 918 860 983 ita
876 923 914 983 ut
928 923 1046 1000 gestus
1059 918 1194 984 inversa
1208 918 1252 983 sit
1265 918 1363 983 ratio.

463 1014 558 1082 llVll.
574 1015 664 1098 (Tab.
680 1014 731 1095 Ν,
747 1017 789 1099 3).
814 1016 922 1095 Quam
949 1017 1007 1081 diu
1034 1016 1105 1082 Deli
1122 1016 1271 1098 viguerit
1291 1017 1349 1081 ille
1366 1021 1467 1100 typus
1481 1036 1523 1083 ex
1544 1018 1593 1082 si·

425 1113 507 1197 gillo
522 1115 667 1197 quodam
681 1115 864 1179 recentiore
877 1115 1057 1197 colligitur,
1074 1115 1163 1198 quod
1180 1115 1278 1198 prisci
1293 1116 1500 1198 exemplaris
1513 1135 1590 1199 spe·

425 1214 510 1278 ciem
525 1214 667 1279 lldeliter
677 1214 838 1291 imitatur,
849 1214 946 1278 docta
957 1214 1070 1298 inepte
1081 1214 1250 1298 imperitia
1262 1214 1435 1279 affectatae
1445 1214 1592 1298 antiqui·

425 1310 502 1376 tntis
519 1311 667 1376 studium
683 1312 792 1394 prodit
806 1330 813 1377 :
831 1312 920 1395 quod
934 1312 1055 1377 idcirco
1070 1313 1207 1394 subieci.
1220 1314 1400 1378 Inventum
1413 1319 1528 1377 autem
1542 1317 1594 1376 cst

425 1408 461 1473 in
474 1410 561 1485 aula,
578 1430 664 1494 qnae
678 1412 803 1494 templo
814 1411 977 1493 Apollinis
1000 1410 1176 1476 meridiem
1191 1430 1310 1477 versus
1330 1411 1507 1475 continens
1528 1415 1592 1475 est.

465 1504 536 1573 Non
561 1526 659 1573 censa
679 1513 759 1572 sunt
775 1507 952 1572 simulacra
976 1508 1117 1591 aliquot,
1143 1528 1229 1592 quae
1253 1528 1323 1573 non
1347 1510 1425 1591 jure
1452 1507 1593 1589 gentilia

427 1610 517 1677 sunt,
533 1605 720 1687 ingentem
749 1606 866 1671 frande
888 1606 1095 1689 irrepserant
1105 1608 1176 1691 (t);
1205 1612 1314 1672 aetate
1328 1612 1362 1672 et
1375 1606 1516 1671 artificio
1537 1624 1592 1670 co·

427 1710 540 1786 gnata,
564 1706 622 1771 scd
643 1705 760 1771 habitu
783 1708 950 1789 gestuque
964 1710 1008 1789 ct,
1030 1709 1068 1770 ut
1092 1704 1235 1783 videtur,
1255 1713 1460 1788 argumento
1483 1703 1593 1769 aliena

427 1808 516 1869 sunt.

985 2101 1029 2168 Ill

470 2392 650 2477 Postquam
660 2394 808 2477 subiecta
817 2399 898 2459 sunt
911 2395 1016 2461 oculis
1030 2395 1209 2461 simulacra
1218 2395 1342 2471 omnia,
1354 2414 1441 2479 quae
1450 2393 1594 2477 speciem

428 2492 586 2557 exhibent
600 2492 752 2557 mulieris
762 2493 927 2558 incedenti
937 2494 1056 2558 similis
1070 2498 1104 2559 et
1116 2494 1256 2577 pallium
1267 2511 1373 2557 manu
1386 2492 1592 2569 adducentis,

430 2595 561 2674 tempus
576 2596 626 2655 est
646 2610 684 2655 ea
699 2607 776 2655 cum
800 2591 1042 2675 antiquissimis
1068 2597 1102 2656 et
1122 2592 1310 2673 rigentibus
1329 2592 1493 2667 conferre,
1509 2607 1593 2673 quae

428 2688 530 2772 priori
545 2678 730 2754 serieisunt
751 2689 949 2772 adiudicata.
966 2689 1050 2768 Quid
1065 2689 1266 2754 discriminis
1294 2689 1438 2765 intersit,
1463 2705 1500 2752 re
1516 2686 1593 2751 satis

427 2788 612 2869 manifesta,
630 2806 918 2871 supervacaneum
931 2794 982 2854 est
996 2788 1166 2871 prolerre3
1180 2788 1237 2852 sed
1248 2805 1369 2871 operae
1384 2785 1533 2871 pretium
1546 2790 1596 2849 est

427 2885 595 2951 illustrare
621 2886 862 2952 subobscuram
878 2887 973 2951 illam
987 2885 1223 2967 cognationem
1232 2903 1299 2969 qua
1311 2890 1392 2950 sunt
1404 2881 1592 2967 conjuncta.

467 2982 508 3049 Ut
523 2985 564 3049 ab
579 2984 680 3049 rebus
692 2984 858 3059 exordiar,
883 3002 970 3067 quae
991 2982 1175 3047 exteriores
1189 2989 1278 3061 sunt,
1310 2999 1432 3047 verum
1454 2982 1498 3046 ob
1521 2996 1594 3045 eam

426 3080 535 3164 ipsam
558 3100 695 3147 eausam
718 3082 866 3148 maxime
895 3083 931 3146 in
952 3080 1114 3147 mutando
1131 3086 1269 3163 aspectu
1291 3086 1443 3163 possunt,
1470 3080 1594 3145 amictu

428 3179 586 3263 cultuque
600 3180 769 3245 differunt.

466 3277 523 3343 Cui
545 3297 588 3343 ne
609 3278 755 3343 nimium
770 3279 898 3344 tribuas
919 3297 1021 3345 cave:
1049 3296 1130 3343 nam
1141 3283 1235 3344 veste
1249 3296 1318 3345 non
1334 3281 1465 3343 constat
1477 3277 1590 3351 homo,

427 3395 537 3459 neque
559 3382 688 3442 munta
709 3377 874 3447 vertitur:
898 3376 1048 3441 multum
1062 3377 1097 3441 in
1110 3379 1174 3441 bac
1193 3396 1230 3442 re
1249 3376 1457 3442 consuetudo
1473 3380 1592 3458 potest,

428 3474 577 3540 multum
590 3475 691 3540 etiam
706 3475 806 3540 unius
820 3478 984 3560 cujusque
993 3475 1126 3540 mobilis
1140 3475 1252 3541 libido.
1278 3474 1387 3553 Quare
1401 3492 1444 3537 ne
1457 3472 1593 3537 simula·

430 3590 565 3639 crorum
578 3574 712 3656 quidem
727 3591 853 3656 genera
874 3574 1065 3640 istiusmodi
1089 3574 1306 3639 varietatibus
1320 3576 1546 3654 segregentur
1560 3587 1596 3635 uc

430 3672 644 3737 dirimuntur.
935 3752 939 3759 ¹

470 3770 543 3852 Age
556 3788 647 3845 vero,
665 3769 745 3853 quid
769 3768 905 3836 tandem
928 3770 1146 3836 immutatum
1160 3774 1235 3836 est?
1249 3769 1425 3836 Eudemia
1440 3767 1593 3833 omnibus

430 3868 619 3933 simulacris
635 3868 745 3933 tunica
759 3870 914 3947 occurrit,
931 3888 1017 3953 quae
1030 3888 1051 3933 a
1064 3868 1246 3937 cervicibus
1260 3869 1301 3934 sd
1311 3868 1398 3934 imos
1408 3867 1509 3951 pedes
1522 3867 1591 3930 des·

432 3965 552 4046 cendit,
577 3976 653 4051 χιτὼν
682 3966 805 4033 seilicet
831 3977 940 4051 ποδήρης
968 3987 977 4031 :
1001 3985 1087 4051 quae
1107 3966 1298 4033 vestimenti
1320 3983 1399 4049 pars
1426 3969 1478 4030 est
1501 3961 1592 4047 quasi

468 4198 507 4274 (l)
521 4198 593 4257 Nam
608 4200 823 4276 Furtvaengler
837 4202 1039 4260 adnumeravit
1050 4201 1122 4259 salso
1135 4202 1180 4259 ira
1201 4204 1332 4259 mentam
1343 4199 1438 4256 trunci
1448 4199 1546 4258 subtili
1552 4202 1593 4254 tu·

432 4271 497 4328 nica
512 4272 606 4328 induti
621 4273 660 4346 (p.
675 4274 749 4343 326).
773 4276 890 4345 Elssgies
910 4273 973 4342 viri,
998 4278 1030 4329 ut
1047 4274 1161 4345 opinor,
1178 4218 1243 4343 fuit,
1264 4290 1323 4329 non
1339 4272 1469 4328 mulieris
1484 4288 1492 4340 ;
1514 4286 1593 4354 pras·

432 4346 513 4401 teres
525 4348 621 4417 gestus
637 4345 794 4402 admodum
817 4346 922 4414 differt,
938 4362 1008 4401 nam
1033 4345 1133 4403 dextra
1156 4345 1295 4402 citharam
1310 4344 1431 4400 screbat.
1457 4374 1494 4385 —
1511 4339 1592 4400 Aliud

434 4432 559 4543 quegue,
581 4420 614 4473 ut
632 4434 794 4473 novennem
811 4418 918 4473 seriem
935 4418 1100 4479 conticeret,
1120 4416 1220 4474 debuit
1244 4415 1370 4489 adjicere
1392 4416 1586 4494 simulacrum,

434 4504 490 4560 quo
526 4489 657 4546 anostris
667 4490 759 4545 voltus
770 4488 869 4546 indole
882 4492 911 4546 et
925 4489 1180 4563 gestuamictuque
1190 4488 1368 4558 dilisrt‚rum
1378 4487 1532 4544 liresdensi
1544 4485 1590 4542 llr-

434 4574 523 4617 nsrva
537 4560 631 4633 magis
645 4566 800 4633 cognatum
815 4565 866 4619 est.
