<?xml version="1.0" encoding="UTF-8"?>
<!DOCTYPE html PUBLIC "-//W3C//DTD XHTML 1.0 Transitional//EN"
    "http://www.w3.org/TR/xhtml1/DTD/xhtml1-transitional.dtd">
<html xmlns="http://www.w3.org/1999/xhtml" xml:lang="en" lang="en">
 <head>
  <title>
</title>
<meta http-equiv="Content-Type" content="text/html;charset=utf-8" />
  <meta name='ocr-system' content='tesseract 3.04.00' />
  <meta name='ocr-capabilities' content='ocr_page ocr_carea ocr_par ocr_line ocrx_word'/>
</head>
<body>
  <div class='ocr_page' id='page_1' title='image "./deantiquissimis00homogoog_0095.png"; bbox 0 0 3534 5617; ppageno 0'>
   <div class='ocr_carea' id='block_1_1' title="bbox 717 670 884 743">
    <p class='ocr_par' dir='ltr' id='par_1_1' title="bbox 717 670 884 743">
     <span class='ocr_line' id='line_1_1' title="bbox 717 670 884 743; baseline 0.024 -22"><span class='ocrx_word' id='word_1_1' title='bbox 717 670 884 743; x_wconf 81' lang='lat'><strong>...85-</strong></span> 
     </span>
    </p>
   </div>
   <div class='ocr_carea' id='block_1_2' title="bbox 210 838 1388 2986">
    <p class='ocr_par' dir='ltr' id='par_1_2' title="bbox 210 838 1388 2003">
     <span class='ocr_line' id='line_1_2' title="bbox 210 838 1388 925; baseline -0.003 -20"><span class='ocrx_word' id='word_1_2' title='bbox 210 846 368 924; x_wconf 86' lang='lat' dir='ltr'><strong>acceptus</strong></span> <span class='ocrx_word' id='word_1_3' title='bbox 384 840 550 923; x_wconf 68' lang='lat' dir='ltr'><strong>inerim).</strong></span> <span class='ocrx_word' id='word_1_4' title='bbox 560 838 642 921; x_wconf 73' lang='lat' dir='ltr'><strong>ugo,</strong></span> <span class='ocrx_word' id='word_1_5' title='bbox 655 858 880 925; x_wconf 87' lang='lat' dir='ltr'><strong>quanquame</strong></span> <span class='ocrx_word' id='word_1_6' title='bbox 890 840 1003 921; x_wconf 87' lang='lat' dir='ltr'><strong>jndice</strong></span> <span class='ocrx_word' id='word_1_7' title='bbox 1014 839 1163 905; x_wconf 83' lang='lat' dir='ltr'><strong>maxime</strong></span> <span class='ocrx_word' id='word_1_8' title='bbox 1190 840 1304 904; x_wconf 86' lang='lat' dir='ltr'><strong>subtili</strong></span> <span class='ocrx_word' id='word_1_9' title='bbox 1318 858 1388 903; x_wconf 93' lang='lat' dir='ltr'><strong>nou</strong></span> 
     </span>
     <span class='ocr_line' id='line_1_3' title="bbox 210 938 1385 1022; baseline 0 -19"><span class='ocrx_word' id='word_1_10' title='bbox 210 940 282 1005; x_wconf 89' lang='lat' dir='ltr'><strong>aine</strong></span> <span class='ocrx_word' id='word_1_11' title='bbox 295 939 495 1005; x_wconf 89' lang='lat' dir='ltr'><strong>verecundia</strong></span> <span class='ocrx_word' id='word_1_12' title='bbox 511 938 682 1011; x_wconf 85' lang='lat' dir='ltr'><strong>dissentio,</strong></span> <span class='ocrx_word' id='word_1_13' title='bbox 699 940 775 1021; x_wconf 92' lang='lat' dir='ltr'><strong>plus</strong></span> <span class='ocrx_word' id='word_1_14' title='bbox 790 939 1013 1003; x_wconf 78' lang='lat' dir='ltr'><strong>concesserim</strong></span> <span class='ocrx_word' id='word_1_15' title='bbox 1033 938 1282 1013; x_wconf 73' lang='lat' dir='ltr'><strong>necessitudini,</strong></span> <span class='ocrx_word' id='word_1_16' title='bbox 1299 956 1385 1022; x_wconf 91' lang='lat' dir='ltr'><strong>quae</strong></span> 
     </span>
     <span class='ocr_line' id='line_1_4' title="bbox 211 1035 1383 1119; baseline -0.001 -17"><span class='ocrx_word' id='word_1_17' title='bbox 211 1039 300 1104; x_wconf 88' lang='lat' dir='ltr'><strong>inter</strong></span> <span class='ocrx_word' id='word_1_18' title='bbox 318 1037 450 1103; x_wconf 86' lang='lat' dir='ltr'><strong>Naxum</strong></span> <span class='ocrx_word' id='word_1_19' title='bbox 474 1042 508 1102; x_wconf 88' lang='lat' dir='ltr'><strong>et</strong></span> <span class='ocrx_word' id='word_1_20' title='bbox 527 1037 656 1101; x_wconf 90' lang='lat' dir='ltr'><strong>insulas</strong></span> <span class='ocrx_word' id='word_1_21' title='bbox 671 1036 855 1119; x_wconf 81' lang='lat' dir='ltr'><strong>Asiamque</strong></span> <span class='ocrx_word' id='word_1_22' title='bbox 877 1037 1029 1102; x_wconf 86' lang='lat' dir='ltr'><strong>interest.</strong></span> <span class='ocrx_word' id='word_1_23' title='bbox 1055 1035 1113 1101; x_wconf 84' lang='lat' dir='ltr'><strong>Est</strong></span> <span class='ocrx_word' id='word_1_24' title='bbox 1126 1036 1218 1101; x_wconf 91' lang='lat' dir='ltr'><strong>enim</strong></span> <span class='ocrx_word' id='word_1_25' title='bbox 1232 1036 1383 1113; x_wconf 84' lang='lat' dir='ltr'><strong>dialecto,</strong></span> 
     </span>
     <span class='ocr_line' id='line_1_5' title="bbox 211 1132 1387 1218; baseline 0.001 -17"><span class='ocrx_word' id='word_1_26' title='bbox 211 1154 290 1201; x_wconf 93' lang='lat' dir='ltr'><strong>cum</strong></span> <span class='ocrx_word' id='word_1_27' title='bbox 303 1136 438 1203; x_wconf 91' lang='lat' dir='ltr'><strong>ionibus</strong></span> <span class='ocrx_word' id='word_1_28' title='bbox 452 1135 627 1212; x_wconf 81' lang='lat' dir='ltr'><strong>omnibns3</strong></span> <span class='ocrx_word' id='word_1_29' title='bbox 651 1132 816 1218; x_wconf 78' lang='lat' dir='ltr'><strong>Apollinis</strong></span> <span class='ocrx_word' id='word_1_30' title='bbox 840 1133 923 1199; x_wconf 84' lang='lat' dir='ltr'><strong>llelii</strong></span> <span class='ocrx_word' id='word_1_31' title='bbox 946 1134 1050 1212; x_wconf 87' lang='lat' dir='ltr'><strong>cultu,</strong></span> <span class='ocrx_word' id='word_1_32' title='bbox 1074 1152 1153 1198; x_wconf 93' lang='lat' dir='ltr'><strong>cum</strong></span> <span class='ocrx_word' id='word_1_33' title='bbox 1172 1134 1264 1215; x_wconf 89' lang='lat' dir='ltr'><strong>llelo,</strong></span> <span class='ocrx_word' id='word_1_34' title='bbox 1289 1136 1387 1216; x_wconf 91' lang='lat' dir='ltr'><strong>Paro,</strong></span> 
     </span>
     <span class='ocr_line' id='line_1_6' title="bbox 213 1230 1385 1317; baseline -0.001 -17"><span class='ocrx_word' id='word_1_35' title='bbox 213 1234 373 1315; x_wconf 79' lang='lat' dir='ltr'><strong>Amorgo,</strong></span> <span class='ocrx_word' id='word_1_36' title='bbox 402 1232 527 1305; x_wconf 84' lang='lat' dir='ltr'><strong>Rhodo,</strong></span> <span class='ocrx_word' id='word_1_37' title='bbox 562 1230 732 1315; x_wconf 79' lang='lat' dir='ltr'><strong>Calymne,</strong></span> <span class='ocrx_word' id='word_1_38' title='bbox 756 1230 799 1297; x_wconf 87' lang='lat' dir='ltr'><strong>Co</strong></span> <span class='ocrx_word' id='word_1_39' title='bbox 814 1231 962 1316; x_wconf 82' lang='lat' dir='ltr'><strong>Ghioque</strong></span> <span class='ocrx_word' id='word_1_40' title='bbox 982 1234 1179 1315; x_wconf 88' lang='lat' dir='ltr'><strong>conjuncta;</strong></span> <span class='ocrx_word' id='word_1_41' title='bbox 1195 1233 1385 1317; x_wconf 88' lang='lat' dir='ltr'><strong>alphabeto,</strong></span> 
     </span>
     <span class='ocr_line' id='line_1_7' title="bbox 213 1329 1385 1414; baseline 0 -16"><span class='ocrx_word' id='word_1_42' title='bbox 213 1351 291 1398; x_wconf 85' lang='lat' dir='ltr'><strong>cum</strong></span> <span class='ocrx_word' id='word_1_43' title='bbox 306 1332 380 1407; x_wconf 82' lang='lat' dir='ltr'><strong>Ceo,</strong></span> <span class='ocrx_word' id='word_1_44' title='bbox 396 1332 481 1397; x_wconf 89' lang='lat' dir='ltr'><strong>Paro</strong></span> <span class='ocrx_word' id='word_1_45' title='bbox 509 1329 697 1414; x_wconf 85' lang='lat' dir='ltr'><strong>Thasoque,</strong></span> <span class='ocrx_word' id='word_1_46' title='bbox 713 1336 747 1395; x_wconf 91' lang='lat' dir='ltr'><strong>et</strong></span> <span class='ocrx_word' id='word_1_47' title='bbox 769 1331 912 1395; x_wconf 72' lang='lat' dir='ltr'><strong>iormsse</strong></span> <span class='ocrx_word' id='word_1_48' title='bbox 926 1330 1017 1397; x_wconf 81' lang='lat' dir='ltr'><strong>Chio.</strong></span> <span class='ocrx_word' id='word_1_49' title='bbox 1033 1329 1109 1395; x_wconf 92' lang='lat' dir='ltr'><strong>lam</strong></span> <span class='ocrx_word' id='word_1_50' title='bbox 1122 1348 1217 1410; x_wconf 83' lang='lat' dir='ltr'><strong>vero,</strong></span> <span class='ocrx_word' id='word_1_51' title='bbox 1239 1338 1275 1397; x_wconf 85' lang='lat' dir='ltr'><strong>ul</strong></span> <span class='ocrx_word' id='word_1_52' title='bbox 1294 1340 1385 1398; x_wconf 86' lang='lat' dir='ltr'><strong>certa</strong></span> 
     </span>
     <span class='ocr_line' id='line_1_8' title="bbox 213 1427 1384 1513; baseline 0.003 -20"><span class='ocrx_word' id='word_1_53' title='bbox 213 1430 334 1513; x_wconf 90' lang='lat' dir='ltr'><strong>cuique</strong></span> <span class='ocrx_word' id='word_1_54' title='bbox 347 1429 473 1512; x_wconf 92' lang='lat' dir='ltr'><strong>populo</strong></span> <span class='ocrx_word' id='word_1_55' title='bbox 486 1429 596 1494; x_wconf 89' lang='lat' dir='ltr'><strong>iorma</strong></span> <span class='ocrx_word' id='word_1_56' title='bbox 608 1427 743 1511; x_wconf 82' lang='lat' dir='ltr'><strong>placuit,</strong></span> <span class='ocrx_word' id='word_1_57' title='bbox 763 1433 851 1493; x_wconf 85' lang='lat' dir='ltr'><strong>terea</strong></span> <span class='ocrx_word' id='word_1_58' title='bbox 864 1428 928 1501; x_wconf 87' lang='lat' dir='ltr'><strong>hic,</strong></span> <span class='ocrx_word' id='word_1_59' title='bbox 945 1428 1012 1493; x_wconf 86' lang='lat' dir='ltr'><strong>illic</strong></span> <span class='ocrx_word' id='word_1_60' title='bbox 1026 1428 1198 1512; x_wconf 87' lang='lat' dir='ltr'><strong>quadrata,</strong></span> <span class='ocrx_word' id='word_1_61' title='bbox 1230 1430 1278 1494; x_wconf 85' lang='lat' dir='ltr'><strong>sic</strong></span> <span class='ocrx_word' id='word_1_62' title='bbox 1293 1437 1384 1496; x_wconf 87' lang='lat' dir='ltr'><strong>utru-</strong></span> 
     </span>
     <span class='ocr_line' id='line_1_9' title="bbox 214 1526 1384 1610; baseline 0.003 -19"><span class='ocrx_word' id='word_1_63' title='bbox 214 1546 291 1610; x_wconf 92' lang='lat' dir='ltr'><strong>que,</strong></span> <span class='ocrx_word' id='word_1_64' title='bbox 315 1528 462 1591; x_wconf 82' lang='lat' dir='ltr'><strong>maxime</strong></span> <span class='ocrx_word' id='word_1_65' title='bbox 485 1526 592 1602; x_wconf 93' lang='lat' dir='ltr'><strong>initio,</strong></span> <span class='ocrx_word' id='word_1_66' title='bbox 612 1530 775 1609; x_wconf 89' lang='lat' dir='ltr'><strong>usurpata</strong></span> <span class='ocrx_word' id='word_1_67' title='bbox 800 1527 926 1609; x_wconf 92' lang='lat' dir='ltr'><strong>ubique</strong></span> <span class='ocrx_word' id='word_1_68' title='bbox 939 1528 1014 1591; x_wconf 84' lang='lat' dir='ltr'><strong>luit.</strong></span> <span class='ocrx_word' id='word_1_69' title='bbox 1036 1526 1161 1610; x_wconf 86' lang='lat' dir='ltr'><strong>Ubique</strong></span> <span class='ocrx_word' id='word_1_70' title='bbox 1174 1527 1266 1592; x_wconf 92' lang='lat' dir='ltr'><strong>enim</strong></span> <span class='ocrx_word' id='word_1_71' title='bbox 1280 1529 1316 1592; x_wconf 93' lang='lat' dir='ltr'><strong>iu</strong></span> <span class='ocrx_word' id='word_1_72' title='bbox 1330 1548 1384 1594; x_wconf 92' lang='lat' dir='ltr'><strong>ru-</strong></span> 
     </span>
     <span class='ocr_line' id='line_1_10' title="bbox 213 1624 1385 1710; baseline 0.001 -20"><span class='ocrx_word' id='word_1_73' title='bbox 213 1626 348 1691; x_wconf 90' lang='lat' dir='ltr'><strong>deribus</strong></span> <span class='ocrx_word' id='word_1_74' title='bbox 361 1624 505 1689; x_wconf 89' lang='lat' dir='ltr'><strong>admista</strong></span> <span class='ocrx_word' id='word_1_75' title='bbox 516 1626 628 1707; x_wconf 88' lang='lat' dir='ltr'><strong>jacent</strong></span> <span class='ocrx_word' id='word_1_76' title='bbox 642 1624 818 1707; x_wconf 88' lang='lat' dir='ltr'><strong>utriusque</strong></span> <span class='ocrx_word' id='word_1_77' title='bbox 833 1626 969 1705; x_wconf 74' lang='lat' dir='ltr'><strong>generis</strong></span> <span class='ocrx_word' id='word_1_78' title='bbox 992 1624 1115 1705; x_wconf 83' lang='lat' dir='ltr'><strong>sigilla,</strong></span> <span class='ocrx_word' id='word_1_79' title='bbox 1131 1631 1164 1689; x_wconf 88' lang='lat' dir='ltr'><strong>et</strong></span> <span class='ocrx_word' id='word_1_80' title='bbox 1181 1636 1385 1710; x_wconf 79' lang='lat' dir='ltr'><strong>«moquettes</strong></span> 
     </span>
     <span class='ocr_line' id='line_1_11' title="bbox 211 1722 1385 1809; baseline 0.003 -23"><span class='ocrx_word' id='word_1_81' title='bbox 211 1723 328 1786; x_wconf 86' lang='lat' dir='ltr'><strong>rondes</strong></span> <span class='ocrx_word' id='word_1_82' title='bbox 344 1749 359 1781; x_wconf 85' lang='lat'>»</span> <span class='ocrx_word' id='word_1_83' title='bbox 374 1728 408 1788; x_wconf 88' lang='lat' dir='ltr'><strong>et</strong></span> <span class='ocrx_word' id='word_1_84' title='bbox 420 1747 435 1784; x_wconf 81' lang='lat' dir='ltr'><strong>a</strong></span> <span class='ocrx_word' id='word_1_85' title='bbox 449 1730 630 1807; x_wconf 84' lang='lat' dir='ltr'><strong>muqucttcs</strong></span> <span class='ocrx_word' id='word_1_86' title='bbox 642 1722 746 1805; x_wconf 82' lang='lat' dir='ltr'><strong>platea</strong></span> <span class='ocrx_word' id='word_1_87' title='bbox 756 1746 771 1779; x_wconf 78' lang='lat' dir='ltr'><strong>a</strong></span> <span class='ocrx_word' id='word_1_88' title='bbox 789 1722 910 1802; x_wconf 80' lang='lat' dir='ltr'><strong>gallice</strong></span> <span class='ocrx_word' id='word_1_89' title='bbox 925 1723 1020 1787; x_wconf 89' lang='lat' dir='ltr'><strong>dicta.</strong></span> <span class='ocrx_word' id='word_1_90' title='bbox 1032 1723 1107 1788; x_wconf 90' lang='lat' dir='ltr'><strong>lam</strong></span> <span class='ocrx_word' id='word_1_91' title='bbox 1130 1742 1211 1788; x_wconf 90' lang='lat' dir='ltr'><strong>vero</strong></span> <span class='ocrx_word' id='word_1_92' title='bbox 1233 1725 1329 1809; x_wconf 83' lang='lat' dir='ltr'><strong>Cypri</strong></span> <span class='ocrx_word' id='word_1_93' title='bbox 1340 1727 1385 1809; x_wconf 68' lang='lat' dir='ltr'><strong>(A)</strong></span> 
     </span>
     <span class='ocr_line' id='line_1_12' title="bbox 213 1814 1384 1909; baseline 0.002 -22"><span class='ocrx_word' id='word_1_94' title='bbox 213 1821 392 1887; x_wconf 86' lang='lat' dir='ltr'><strong>simulacra</strong></span> <span class='ocrx_word' id='word_1_95' title='bbox 412 1820 579 1903; x_wconf 73' lang='lat' dir='ltr'><strong>eiusmodi</strong></span> <span class='ocrx_word' id='word_1_96' title='bbox 599 1814 843 1905; x_wconf 81' lang='lat' dir='ltr'><strong>provenerunt,</strong></span> <span class='ocrx_word' id='word_1_97' title='bbox 865 1827 900 1885; x_wconf 90' lang='lat' dir='ltr'><strong>et</strong></span> <span class='ocrx_word' id='word_1_98' title='bbox 924 1820 1037 1901; x_wconf 83' lang='lat' dir='ltr'><strong>ilgura</strong></span> <span class='ocrx_word' id='word_1_99' title='bbox 1061 1822 1163 1887; x_wconf 86' lang='lat' dir='ltr'><strong>etiam</strong></span> <span class='ocrx_word' id='word_1_100' title='bbox 1190 1823 1226 1887; x_wconf 93' lang='lat' dir='ltr'><strong>in</strong></span> <span class='ocrx_word' id='word_1_101' title='bbox 1239 1824 1384 1909; x_wconf 76' lang='lat' dir='ltr'><strong>Assyriis</strong></span> 
     </span>
     <span class='ocr_line' id='line_1_13' title="bbox 213 1920 499 2003; baseline 0 -20"><span class='ocrx_word' id='word_1_102' title='bbox 213 1920 499 2003; x_wconf 83' lang='lat' dir='ltr'><strong>statuisredit(3).</strong></span> 
     </span>
    </p>

    <p class='ocr_par' dir='ltr' id='par_1_3' title="bbox 215 2016 1386 2281">
     <span class='ocr_line' id='line_1_14' title="bbox 253 2016 1386 2097; baseline 0.005 -15"><span class='ocrx_word' id='word_1_103' title='bbox 253 2018 370 2083; x_wconf 88' lang='lat' dir='ltr'><strong>Artam</strong></span> <span class='ocrx_word' id='word_1_104' title='bbox 383 2018 454 2083; x_wconf 89' lang='lat' dir='ltr'><strong>lleli</strong></span> <span class='ocrx_word' id='word_1_105' title='bbox 467 2036 545 2082; x_wconf 90' lang='lat' dir='ltr'><strong>cum</strong></span> <span class='ocrx_word' id='word_1_106' title='bbox 559 2016 638 2082; x_wconf 83' lang='lat' dir='ltr'><strong>Chio</strong></span> <span class='ocrx_word' id='word_1_107' title='bbox 661 2023 694 2083; x_wconf 88' lang='lat' dir='ltr'><strong>el</strong></span> <span class='ocrx_word' id='word_1_108' title='bbox 718 2016 797 2082; x_wconf 87' lang='lat' dir='ltr'><strong>Asia</strong></span> <span class='ocrx_word' id='word_1_109' title='bbox 818 2017 1090 2097; x_wconf 79' lang='lat' dir='ltr'><strong>coniunctionem</strong></span> <span class='ocrx_word' id='word_1_110' title='bbox 1105 2018 1339 2087; x_wconf 86' lang='lat' dir='ltr'><strong>demonstrant</strong></span> <span class='ocrx_word' id='word_1_111' title='bbox 1352 2028 1386 2087; x_wconf 90' lang='lat' dir='ltr'><strong>et</strong></span> 
     </span>
     <span class='ocr_line' id='line_1_15' title="bbox 216 2114 1385 2193; baseline 0.006 -13"><span class='ocrx_word' id='word_1_112' title='bbox 216 2115 311 2180; x_wconf 85' lang='lat' dir='ltr'><strong>Plinii</strong></span> <span class='ocrx_word' id='word_1_113' title='bbox 334 2116 535 2193; x_wconf 88' lang='lat' dir='ltr'><strong>testimonia,</strong></span> <span class='ocrx_word' id='word_1_114' title='bbox 564 2122 597 2181; x_wconf 95' lang='lat' dir='ltr'><strong>et</strong></span> <span class='ocrx_word' id='word_1_115' title='bbox 625 2116 786 2181; x_wconf 89' lang='lat' dir='ltr'><strong>dedicatio</strong></span> <span class='ocrx_word' id='word_1_116' title='bbox 813 2134 833 2181; x_wconf 88' lang='lat' dir='ltr'><strong>a</strong></span> <span class='ocrx_word' id='word_1_117' title='bbox 856 2114 1011 2182; x_wconf 87' lang='lat' dir='ltr'><strong>Micciade</strong></span> <span class='ocrx_word' id='word_1_118' title='bbox 1034 2124 1068 2184; x_wconf 87' lang='lat' dir='ltr'><strong>et</strong></span> <span class='ocrx_word' id='word_1_119' title='bbox 1092 2118 1276 2185; x_wconf 88' lang='lat' dir='ltr'><strong>Archermo</strong></span> <span class='ocrx_word' id='word_1_120' title='bbox 1299 2121 1385 2187; x_wconf 87' lang='lat' dir='ltr'><strong>iacta</strong></span> 
     </span>
     <span class='ocr_line' id='line_1_16' title="bbox 215 2215 298 2281; baseline -0.012 0"><span class='ocrx_word' id='word_1_121' title='bbox 215 2215 298 2281; x_wconf 86' lang='lat' dir='ltr'><strong>Deli.</strong></span> 
     </span>
    </p>

    <p class='ocr_par' dir='ltr' id='par_1_4' title="bbox 216 2312 1384 2479">
     <span class='ocr_line' id='line_1_17' title="bbox 256 2312 1384 2403; baseline 0.003 -24"><span class='ocrx_word' id='word_1_122' title='bbox 256 2312 441 2380; x_wconf 84' lang='lat' dir='ltr'><strong>Simulacra</strong></span> <span class='ocrx_word' id='word_1_123' title='bbox 468 2330 547 2378; x_wconf 92' lang='lat' dir='ltr'><strong>vero</strong></span> <span class='ocrx_word' id='word_1_124' title='bbox 574 2312 761 2378; x_wconf 89' lang='lat' dir='ltr'><strong>recentiora</strong></span> <span class='ocrx_word' id='word_1_125' title='bbox 783 2331 804 2377; x_wconf 89' lang='lat' dir='ltr'><strong>a</strong></span> <span class='ocrx_word' id='word_1_126' title='bbox 823 2313 985 2396; x_wconf 89' lang='lat' dir='ltr'><strong>bupalicis</strong></span> <span class='ocrx_word' id='word_1_127' title='bbox 1008 2332 1076 2379; x_wconf 94' lang='lat' dir='ltr'><strong>non</strong></span> <span class='ocrx_word' id='word_1_128' title='bbox 1089 2314 1198 2379; x_wconf 92' lang='lat' dir='ltr'><strong>aliena</strong></span> <span class='ocrx_word' id='word_1_129' title='bbox 1217 2334 1290 2382; x_wconf 90' lang='lat' dir='ltr'><strong>esse</strong></span> <span class='ocrx_word' id='word_1_130' title='bbox 1309 2317 1384 2403; x_wconf 91' lang='lat' dir='ltr'><strong>jam</strong></span> 
     </span>
     <span class='ocr_line' id='line_1_18' title="bbox 216 2413 361 2479; baseline 0.014 -2"><span class='ocrx_word' id='word_1_131' title='bbox 216 2413 361 2479; x_wconf 88' lang='lat' dir='ltr'><strong>ostendi.</strong></span> 
     </span>
    </p>

    <p class='ocr_par' dir='ltr' id='par_1_5' title="bbox 215 2510 1382 2692">
     <span class='ocr_line' id='line_1_19' title="bbox 256 2510 1382 2595; baseline 0.003 -19"><span class='ocrx_word' id='word_1_132' title='bbox 256 2510 440 2586; x_wconf 89' lang='lat' dir='ltr'><strong>Praeterea,</strong></span> <span class='ocrx_word' id='word_1_133' title='bbox 466 2510 621 2577; x_wconf 76' lang='lat' dir='ltr'><strong>liberiore</strong></span> <span class='ocrx_word' id='word_1_134' title='bbox 638 2510 782 2595; x_wconf 89' lang='lat' dir='ltr'><strong>quedam</strong></span> <span class='ocrx_word' id='word_1_135' title='bbox 806 2511 949 2576; x_wconf 88' lang='lat' dir='ltr'><strong>mollitia</strong></span> <span class='ocrx_word' id='word_1_136' title='bbox 972 2518 1006 2577; x_wconf 90' lang='lat' dir='ltr'><strong>et</strong></span> <span class='ocrx_word' id='word_1_137' title='bbox 1025 2512 1192 2595; x_wconf 84' lang='lat' dir='ltr'><strong>exquisita</strong></span> <span class='ocrx_word' id='word_1_138' title='bbox 1215 2514 1382 2594; x_wconf 80' lang='lat' dir='ltr'><strong>elegantia</strong></span> 
     </span>
     <span class='ocr_line' id='line_1_20' title="bbox 215 2607 1117 2692; baseline -0.001 -20"><span class='ocrx_word' id='word_1_139' title='bbox 215 2607 257 2672; x_wconf 91' lang='lat' dir='ltr'><strong>ad</strong></span> <span class='ocrx_word' id='word_1_140' title='bbox 271 2607 430 2671; x_wconf 77' lang='lat' dir='ltr'><strong>Asianum</strong></span> <span class='ocrx_word' id='word_1_141' title='bbox 444 2607 659 2691; x_wconf 87' lang='lat' dir='ltr'><strong>potissimum</strong></span> <span class='ocrx_word' id='word_1_142' title='bbox 677 2613 819 2689; x_wconf 78' lang='lat' dir='ltr'><strong>vergunt</strong></span> <span class='ocrx_word' id='word_1_143' title='bbox 833 2608 1043 2691; x_wconf 87' lang='lat' dir='ltr'><strong>disciplinam</strong></span> <span class='ocrx_word' id='word_1_144' title='bbox 1065 2609 1117 2692; x_wconf 70' lang='lat' dir='ltr'><strong>(A).</strong></span> 
     </span>
    </p>

    <p class='ocr_par' dir='ltr' id='par_1_6' title="bbox 214 2704 1384 2986">
     <span class='ocr_line' id='line_1_21' title="bbox 256 2704 1384 2790; baseline 0.004 -22"><span class='ocrx_word' id='word_1_145' title='bbox 256 2704 315 2768; x_wconf 90' lang='lat' dir='ltr'><strong>llla</strong></span> <span class='ocrx_word' id='word_1_146' title='bbox 329 2706 434 2785; x_wconf 81' lang='lat' dir='ltr'><strong>igitur</strong></span> <span class='ocrx_word' id='word_1_147' title='bbox 448 2706 566 2770; x_wconf 87' lang='lat' dir='ltr'><strong>docent</strong></span> <span class='ocrx_word' id='word_1_148' title='bbox 577 2725 662 2788; x_wconf 91' lang='lat' dir='ltr'><strong>quae</strong></span> <span class='ocrx_word' id='word_1_149' title='bbox 671 2707 796 2771; x_wconf 86' lang='lat' dir='ltr'><strong>fuerint</strong></span> <span class='ocrx_word' id='word_1_150' title='bbox 810 2706 899 2770; x_wconf 86' lang='lat' dir='ltr'><strong>vices</strong></span> <span class='ocrx_word' id='word_1_151' title='bbox 914 2708 1105 2790; x_wconf 86' lang='lat' dir='ltr'><strong>sculpturae</strong></span> <span class='ocrx_word' id='word_1_152' title='bbox 1114 2725 1192 2772; x_wconf 90' lang='lat' dir='ltr'><strong>cum</strong></span> <span class='ocrx_word' id='word_1_153' title='bbox 1204 2706 1240 2771; x_wconf 91' lang='lat' dir='ltr'><strong>in</strong></span> <span class='ocrx_word' id='word_1_154' title='bbox 1249 2708 1384 2773; x_wconf 89' lang='lat' dir='ltr'><strong>asiatico</strong></span> 
     </span>
     <span class='ocr_line' id='line_1_22' title="bbox 214 2800 1384 2886; baseline 0.006 -22"><span class='ocrx_word' id='word_1_155' title='bbox 214 2800 336 2875; x_wconf 90' lang='lat' dir='ltr'><strong>littore,</strong></span> <span class='ocrx_word' id='word_1_156' title='bbox 353 2808 426 2865; x_wconf 87' lang='lat' dir='ltr'><strong>tum</strong></span> <span class='ocrx_word' id='word_1_157' title='bbox 446 2803 481 2865; x_wconf 94' lang='lat' dir='ltr'><strong>in</strong></span> <span class='ocrx_word' id='word_1_158' title='bbox 499 2803 629 2877; x_wconf 89' lang='lat' dir='ltr'><strong>insulis,</strong></span> <span class='ocrx_word' id='word_1_159' title='bbox 646 2802 724 2868; x_wconf 85' lang='lat' dir='ltr'><strong>Chio</strong></span> <span class='ocrx_word' id='word_1_160' title='bbox 742 2805 940 2886; x_wconf 90' lang='lat' dir='ltr'><strong>praesertim</strong></span> <span class='ocrx_word' id='word_1_161' title='bbox 954 2810 988 2869; x_wconf 89' lang='lat' dir='ltr'><strong>et</strong></span> <span class='ocrx_word' id='word_1_162' title='bbox 1001 2803 1104 2881; x_wconf 86' lang='lat' dir='ltr'><strong>Naxo,</strong></span> <span class='ocrx_word' id='word_1_163' title='bbox 1121 2805 1163 2869; x_wconf 91' lang='lat' dir='ltr'><strong>ab</strong></span> <span class='ocrx_word' id='word_1_164' title='bbox 1178 2805 1315 2871; x_wconf 87' lang='lat' dir='ltr'><strong>ineunte</strong></span> <span class='ocrx_word' id='word_1_165' title='bbox 1328 2806 1384 2872; x_wconf 82' lang='lat' dir='ltr'><strong>llll</strong></span> 
     </span>
     <span class='ocr_line' id='line_1_23' title="bbox 216 2899 813 2986; baseline 0.003 -22"><span class='ocrx_word' id='word_1_166' title='bbox 216 2901 350 2965; x_wconf 85' lang='lat' dir='ltr'><strong>saeculo</strong></span> <span class='ocrx_word' id='word_1_167' title='bbox 365 2900 406 2964; x_wconf 89' lang='lat' dir='ltr'><strong>ad</strong></span> <span class='ocrx_word' id='word_1_168' title='bbox 420 2899 555 2965; x_wconf 88' lang='lat' dir='ltr'><strong>initium</strong></span> <span class='ocrx_word' id='word_1_169' title='bbox 570 2919 678 2986; x_wconf 87' lang='lat' dir='ltr'><strong>usque</strong></span> <span class='ocrx_word' id='word_1_170' title='bbox 694 2902 813 2985; x_wconf 88' lang='lat' dir='ltr'><strong>quinti.</strong></span> 
     </span>
    </p>
   </div>
   <div class='ocr_carea' id='block_1_3' title="bbox 779 3238 820 3306">
    <p class='ocr_par' dir='ltr' id='par_1_7' title="bbox 779 3238 820 3306">
     <span class='ocr_line' id='line_1_24' title="bbox 779 3238 820 3306; baseline -0.024 0"><span class='ocrx_word' id='word_1_171' title='bbox 779 3238 820 3306; x_wconf 81' lang='lat' dir='ltr'><strong>Vl</strong></span> 
     </span>
    </p>
   </div>
   <div class='ocr_carea' id='block_1_4' title="bbox 215 3550 1383 3935">
    <p class='ocr_par' dir='ltr' id='par_1_8' title="bbox 215 3550 1383 3837">
     <span class='ocr_line' id='line_1_25' title="bbox 252 3550 1379 3640; baseline 0.003 -24"><span class='ocrx_word' id='word_1_172' title='bbox 252 3550 326 3617; x_wconf 86' lang='lat' dir='ltr'><strong>lam</strong></span> <span class='ocrx_word' id='word_1_173' title='bbox 339 3552 528 3619; x_wconf 88' lang='lat' dir='ltr'><strong>videbimus</strong></span> <span class='ocrx_word' id='word_1_174' title='bbox 542 3573 639 3640; x_wconf 89' lang='lat' dir='ltr'><strong>quae,</strong></span> <span class='ocrx_word' id='word_1_175' title='bbox 652 3554 719 3619; x_wconf 92' lang='lat' dir='ltr'><strong>illis</strong></span> <span class='ocrx_word' id='word_1_176' title='bbox 732 3555 856 3620; x_wconf 86' lang='lat' dir='ltr'><strong>iociset</strong></span> <span class='ocrx_word' id='word_1_177' title='bbox 869 3551 1077 3637; x_wconf 84' lang='lat' dir='ltr'><strong>temporibus</strong></span> <span class='ocrx_word' id='word_1_178' title='bbox 1099 3554 1179 3633; x_wconf 89' lang='lat' dir='ltr'><strong>iilis,</strong></span> <span class='ocrx_word' id='word_1_179' title='bbox 1190 3554 1379 3619; x_wconf 89' lang='lat' dir='ltr'><strong>alienorum</strong></span> 
     </span>
     <span class='ocr_line' id='line_1_26' title="bbox 215 3652 1383 3739; baseline 0.002 -23"><span class='ocrx_word' id='word_1_180' title='bbox 215 3652 417 3735; x_wconf 90' lang='lat' dir='ltr'><strong>populorum</strong></span> <span class='ocrx_word' id='word_1_181' title='bbox 433 3655 498 3719; x_wconf 89' lang='lat' dir='ltr'><strong>arti</strong></span> <span class='ocrx_word' id='word_1_182' title='bbox 511 3654 690 3720; x_wconf 84' lang='lat' dir='ltr'><strong>auctoritas</strong></span> <span class='ocrx_word' id='word_1_183' title='bbox 714 3654 881 3735; x_wconf 79' lang='lat' dir='ltr'><strong>obtigerit,</strong></span> <span class='ocrx_word' id='word_1_184' title='bbox 901 3660 1066 3737; x_wconf 89' lang='lat' dir='ltr'><strong>qnatenus</strong></span> <span class='ocrx_word' id='word_1_185' title='bbox 1080 3652 1184 3739; x_wconf 86' lang='lat' dir='ltr'><strong>hujus</strong></span> <span class='ocrx_word' id='word_1_186' title='bbox 1205 3654 1326 3719; x_wconf 89' lang='lat' dir='ltr'><strong>indicia</strong></span> <span class='ocrx_word' id='word_1_187' title='bbox 1346 3654 1383 3718; x_wconf 93' lang='lat' dir='ltr'><strong>in</strong></span> 
     </span>
     <span class='ocr_line' id='line_1_27' title="bbox 216 3750 923 3837; baseline 0.003 -22"><span class='ocrx_word' id='word_1_188' title='bbox 216 3750 349 3815; x_wconf 87' lang='lat' dir='ltr'><strong>deliacis</strong></span> <span class='ocrx_word' id='word_1_189' title='bbox 363 3752 550 3817; x_wconf 88' lang='lat' dir='ltr'><strong>simulacris</strong></span> <span class='ocrx_word' id='word_1_190' title='bbox 572 3759 696 3837; x_wconf 89' lang='lat' dir='ltr'><strong>queant</strong></span> <span class='ocrx_word' id='word_1_191' title='bbox 709 3752 923 3836; x_wconf 90' lang='lat' dir='ltr'><strong>deprehendi.</strong></span> 
     </span>
    </p>

    <p class='ocr_par' dir='ltr' id='par_1_9' title="bbox 254 3847 1382 3935">
     <span class='ocr_line' id='line_1_28' title="bbox 254 3847 1382 3935; baseline 0 -20"><span class='ocrx_word' id='word_1_192' title='bbox 254 3847 418 3934; x_wconf 84' lang='lat' dir='ltr'><strong>Principio</strong></span> <span class='ocrx_word' id='word_1_193' title='bbox 439 3851 502 3916; x_wconf 89' lang='lat' dir='ltr'><strong>hoc</strong></span> <span class='ocrx_word' id='word_1_194' title='bbox 516 3857 656 3927; x_wconf 86' lang='lat' dir='ltr'><strong>constat,</strong></span> <span class='ocrx_word' id='word_1_195' title='bbox 670 3850 827 3935; x_wconf 83' lang='lat' dir='ltr'><strong>Assyrios</strong></span> <span class='ocrx_word' id='word_1_196' title='bbox 836 3850 1098 3935; x_wconf 82' lang='lat' dir='ltr'><strong>Aegyptiosque,</strong></span> <span class='ocrx_word' id='word_1_197' title='bbox 1124 3869 1202 3916; x_wconf 91' lang='lat' dir='ltr'><strong>cum</strong></span> <span class='ocrx_word' id='word_1_198' title='bbox 1225 3850 1382 3917; x_wconf 91' lang='lat' dir='ltr'><strong>omnibus</strong></span> 
     </span>
    </p>
   </div>
   <div class='ocr_carea' id='block_1_5' title="bbox 215 4079 1382 4511">
    <p class='ocr_par' dir='ltr' id='par_1_10' title="bbox 215 4079 1382 4511">
     <span class='ocr_line' id='line_1_29' title="bbox 250 4079 1381 4165; baseline 0.003 -27"><span class='ocrx_word' id='word_1_199' title='bbox 250 4080 287 4154; x_wconf 80' lang='lat' dir='ltr'><strong>(i)</strong></span> <span class='ocrx_word' id='word_1_200' title='bbox 308 4082 396 4165; x_wconf 73' lang='lat' dir='ltr'><strong>Ueber</strong></span> <span class='ocrx_word' id='word_1_201' title='bbox 407 4080 507 4165; x_wconf 56' lang='lat' dir='ltr'><strong>otton.</strong></span> <span class='ocrx_word' id='word_1_202' title='bbox 523 4080 594 4152; x_wconf 80' lang='lat' dir='ltr'><strong>Stpl,</strong></span> <span class='ocrx_word' id='word_1_203' title='bbox 610 4098 639 4155; x_wconf 92' lang='lat' dir='ltr'><strong>p.</strong></span> <span class='ocrx_word' id='word_1_204' title='bbox 656 4082 740 4138; x_wconf 74' lang='lat' dir='ltr'><strong>ses-5</strong></span> <span class='ocrx_word' id='word_1_205' title='bbox 757 4098 763 4139; x_wconf 95' lang='lat'><strong>:</strong></span> <span class='ocrx_word' id='word_1_206' title='bbox 778 4081 856 4138; x_wconf 91' lang='lat' dir='ltr'><strong>idem</strong></span> <span class='ocrx_word' id='word_1_207' title='bbox 870 4080 1087 4155; x_wconf 87' lang='lat' dir='ltr'><strong>Peloponnesiis</strong></span> <span class='ocrx_word' id='word_1_208' title='bbox 1111 4084 1141 4138; x_wconf 88' lang='lat' dir='ltr'><strong>el</strong></span> <span class='ocrx_word' id='word_1_209' title='bbox 1157 4079 1299 4153; x_wconf 81' lang='lat' dir='ltr'><strong>aligeram</strong></span> <span class='ocrx_word' id='word_1_210' title='bbox 1318 4084 1381 4141; x_wconf 85' lang='lat' dir='ltr'><strong>[leli</strong></span> 
     </span>
     <span class='ocr_line' id='line_1_30' title="bbox 215 4152 1381 4297; baseline 0.002 -16"><span class='ocrx_word' id='word_1_211' title='bbox 215 4152 498 4297; x_wconf 47' lang='grc' dir='ltr'><strong>ειῖξιᾞνῗέῑῗιὲῗειι.</strong></span> <span class='ocrx_word' id='word_1_212' title='bbox 512 4224 546 4281; x_wconf 84' lang='lat' dir='ltr'><strong>dc</strong></span> <span class='ocrx_word' id='word_1_213' title='bbox 559 4224 642 4294; x_wconf 64' lang='lat' dir='ltr'><strong>titre,</strong></span> <span class='ocrx_word' id='word_1_214' title='bbox 653 4241 692 4291; x_wconf 79' lang='lat'><strong>111,</strong></span> <span class='ocrx_word' id='word_1_215' title='bbox 703 4225 783 4282; x_wconf 83' lang='lat' dir='ltr'><strong>labb.</strong></span> <span class='ocrx_word' id='word_1_216' title='bbox 801 4227 861 4295; x_wconf 80' lang='lat' dir='ltr'><strong>les,</strong></span> <span class='ocrx_word' id='word_1_217' title='bbox 873 4228 935 4283; x_wconf 80' lang='lat'><strong>³50.</strong></span> <span class='ocrx_word' id='word_1_218' title='bbox 946 4224 1085 4297; x_wconf 84' lang='lat' dir='ltr'><strong>Exempla</strong></span> <span class='ocrx_word' id='word_1_219' title='bbox 1097 4224 1127 4280; x_wconf 92' lang='lat' dir='ltr'><strong>iu</strong></span> <span class='ocrx_word' id='word_1_220' title='bbox 1137 4225 1243 4282; x_wconf 81' lang='lat' dir='ltr'><strong>muscis</strong></span> <span class='ocrx_word' id='word_1_221' title='bbox 1254 4226 1381 4283; x_wconf 81' lang='lat' dir='ltr'><strong>maxime</strong></span> 
     </span>
     <span class='ocr_line' id='line_1_31' title="bbox 216 4296 1382 4493; baseline 0.003 -69"><span class='ocrx_word' id='word_1_222' title='bbox 216 4296 501 4442; x_wconf 46' lang='lat' dir='ltr'><strong>ablutlldsainrd&#39;ulacrum</strong></span> <span class='ocrx_word' id='word_1_223' title='bbox 526 4368 604 4493; x_wconf 58' lang='grc' dir='ltr'><strong>Ἡιοᾱ</strong></span> <span class='ocrx_word' id='word_1_224' title='bbox 629 4370 675 4426; x_wconf 86' lang='lat' dir='ltr'><strong>est</strong></span> <span class='ocrx_word' id='word_1_225' title='bbox 697 4368 935 4441; x_wconf 87' lang='lat' dir='ltr'><strong>Assurnazirpali,</strong></span> <span class='ocrx_word' id='word_1_226' title='bbox 951 4386 985 4425; x_wconf 85' lang='lat' dir='ltr'><strong>ax</strong></span> <span class='ocrx_word' id='word_1_227' title='bbox 999 4367 1115 4442; x_wconf 88' lang='lat' dir='ltr'><strong>lapidea</strong></span> <span class='ocrx_word' id='word_1_228' title='bbox 1132 4369 1214 4426; x_wconf 85' lang='lat' dir='ltr'><strong>trabe</strong></span> <span class='ocrx_word' id='word_1_229' title='bbox 1240 4368 1382 4442; x_wconf 86' lang='lat' dir='ltr'><strong>quadrata</strong></span> 
     </span>
     <span class='ocr_line' id='line_1_32' title="bbox 218 4440 791 4511; baseline 0.002 -15"><span class='ocrx_word' id='word_1_230' title='bbox 218 4440 342 4497; x_wconf 82' lang='lat' dir='ltr'><strong>excisum</strong></span> <span class='ocrx_word' id='word_1_231' title='bbox 355 4440 419 4507; x_wconf 84' lang='lat' dir='ltr'><strong>luit,</strong></span> <span class='ocrx_word' id='word_1_232' title='bbox 437 4440 517 4511; x_wconf 87' lang='lat' dir='ltr'><strong>cujus</strong></span> <span class='ocrx_word' id='word_1_233' title='bbox 551 4456 656 4510; x_wconf 80' lang='lat' dir='ltr'><strong>goram</strong></span> <span class='ocrx_word' id='word_1_234' title='bbox 672 4441 791 4497; x_wconf 85' lang='lat' dir='ltr'><strong>retinet.</strong></span> 
     </span>
    </p>
   </div>
   <div class='ocr_carea' id='block_1_6' title="bbox 218 4510 1380 4641">
    <p class='ocr_par' dir='ltr' id='par_1_11' title="bbox 218 4510 1380 4641">
     <span class='ocr_line' id='line_1_33' title="bbox 237 4510 1380 4639; baseline 0.001 -71"><span class='ocrx_word' id='word_1_235' title='bbox 237 4510 291 4639; x_wconf 39' lang='grc'><strong>,34)</strong></span> <span class='ocrx_word' id='word_1_236' title='bbox 311 4511 634 4592; x_wconf 31' lang='lat' dir='ltr'><strong>nortmannos-Aret.</strong></span> <span class='ocrx_word' id='word_1_237' title='bbox 652 4514 731 4581; x_wconf 74' lang='lat' dir='ltr'><strong>Zett,</strong></span> <span class='ocrx_word' id='word_1_238' title='bbox 756 4514 833 4581; x_wconf 76' lang='lat'><strong>1882,</strong></span> <span class='ocrx_word' id='word_1_239' title='bbox 848 4528 877 4585; x_wconf 92' lang='lat' dir='ltr'><strong>p.</strong></span> <span class='ocrx_word' id='word_1_240' title='bbox 892 4515 937 4584; x_wconf 81' lang='lat'><strong>55,</strong></span> <span class='ocrx_word' id='word_1_241' title='bbox 952 4529 984 4589; x_wconf 90' lang='lat' dir='ltr'><strong>p.</strong></span> <span class='ocrx_word' id='word_1_242' title='bbox 1004 4510 1380 4569; x_wconf 65' lang='lat' dir='ltr'><strong>consummandus</strong></span> 
     </span>
     <span class='ocr_line' id='line_1_34' title="bbox 218 4584 572 4641; baseline -0.003 -2"><span class='ocrx_word' id='word_1_243' title='bbox 218 4599 245 4641; x_wconf 83' lang='lat' dir='ltr'><strong>vt</strong></span> <span class='ocrx_word' id='word_1_244' title='bbox 267 4586 330 4640; x_wconf 86' lang='lat' dir='ltr'><strong>etur</strong></span> <span class='ocrx_word' id='word_1_245' title='bbox 342 4598 402 4638; x_wconf 90' lang='lat' dir='ltr'><strong>esse</strong></span> <span class='ocrx_word' id='word_1_246' title='bbox 418 4584 572 4641; x_wconf 80' lang='lat' dir='ltr'><strong>sententia.</strong></span> 
     </span>
    </p>
   </div>
   <div class='ocr_carea' id='block_1_7' title="bbox 0 0 1775 5617">
    <p class='ocr_par' dir='ltr' id='par_1_12' title="bbox 0 0 1775 5617">
     <span class='ocr_line' id='line_1_35' title="bbox 0 0 1775 5617; baseline 0 0"><span class='ocrx_word' id='word_1_247' title='bbox 0 0 1775 5617; x_wconf 95' lang='lat' dir='ltr'><strong> </strong></span> 
     </span>
    </p>
   </div>
  </div>
 </body>
</html>
