3534 5617
714 682 884 749 -43-

208 858 326 918 umen
344 852 613 919 animadvertere
628 851 823 936 posterioris
836 851 936 916 sorici
951 851 1132 917 simulacra
1145 868 1251 935 quam
1263 849 1384 917 mundi

208 949 387 1031 elegantiis
400 949 608 1015 similia'sint
617 954 748 1015 statuae
764 949 925 1031 aligerae,
939 967 1025 1034 quae
1035 954 1068 1014 et
1078 950 1153 1033 ipsa
1161 948 1232 1013 lleli
1245 948 1385 1014 inventa

209 1052 272 1123 est,
288 1047 386 1113 deam
408 1046 481 1111 sino
501 1047 602 1113 dubio
619 1047 779 1131 exprimit
794 1067 803 1124 ;
827 1064 939 1131 neque
955 1047 998 1112 ab
1024 1046 1265 1112 Herculanensi
1281 1047 1384 1113 timna

208 1146 358 1211 multum
372 1145 541 1209 differunt.
1176 1171 1178 1174 ·

246 1242 396 1325 iusignia
410 1260 499 1307 nunc
513 1236 707 1325 inutraque
715 1242 842 1325 pariter
856 1243 943 1309 serio
958 1241 1081 1307 desunt
1095 1260 1104 1315 ς
1123 1258 1208 1305 uum
1222 1240 1294 1305 ulla
1306 1240 1381 1307 lus-

205 1340 275 1406 rint
289 1357 441 1422 unquam
461 1338 650 1404 simulacris
664 1339 792 1422 adjecta
806 1340 975 1405 incertum
991 1343 1053 1413 est,
1069 1337 1098 1403 si
1109 1336 1291 1405 Nicandrae
1304 1356 1370 1405 ana

203 1436 321 1501 thema
332 1453 443 1501 uuum
457 1435 640 1519 exceperis.

245 1533 331 1598 Nam
351 1550 517 1599 manuum
534 1552 613 1611 una,
629 1550 691 1599 seu
716 1534 838 1599 femori
853 1535 987 1601 occlusa
1002 1534 1135 1607 insidet,
1151 1532 1381 1599 santonicam

205 1630 343 1712 colligit,
353 1630 537 1715 quidquam
546 1632 697 1712 gerendo
712 1632 768 1697 vix
778 1651 839 1714 par
850 1633 930 1710 luit;
949 1634 1066 1709 allero,
1079 1648 1166 1715 quae
1178 1638 1238 1695 aut
1253 1630 1381 1715 pectori

204 1727 379 1803 incumbit,
395 1734 454 1793 aut
469 1728 689 1811 protenditur,
700 1747 806 1797 vacua
820 1730 926 1795 irrisae
937 1729 1082 1795 videtur.
1094 1727 1167 1794 Nou
1182 1728 1275 1793 enim
1289 1733 1379 1812 tym-

204 1826 285 1909 pani
297 1827 387 1891 orbis
410 1826 445 1891 in
460 1832 593 1910 pectore
608 1828 743 1901 eminet,
764 1845 833 1893 nou
856 1828 940 1904 avis,
964 1846 1034 1893 non
1048 1827 1140 1892 lloris
1154 1826 1277 1907 ligura,
1293 1845 1380 1911 quas

202 1924 240 1987 in
263 1923 503 2008 antiquissimis
526 1924 714 1989 simulacris
738 1926 873 2009 saepius
896 1930 1077 1991 occurrunt
1093 1945 1102 2002 3
1120 1928 1277 2007 protenta
1297 1944 1378 1991 vero

202 2040 336 2100 manus,
350 2022 548 2095 sincerans,
561 2024 632 2089 sive
641 2024 762 2107 supina
773 2022 849 2103 luit,
861 2023 1005 2104 vestigia
1014 2023 1107 2088 nulla
1115 2023 1377 2108 ostenditneque

202 2120 306 2198 lloris,
319 2138 429 2204 nsque
442 2120 570 2201 virgae,
599 2139 710 2205 neque
733 2128 880 2205 paterae,
908 2120 964 2187 vel
992 2122 1137 2186 abarum
1152 2139 1267 2186 rerum
1291 2140 1378 2206 quae

91 2298 93 2303 Ι
202 2217 314 2283 solent
326 2218 443 2283 adosse
455 2238 463 2281 τ
474 2218 577 2301 atqui,
592 2218 621 2283 si
633 2218 740 2285 solido
754 2239 774 2285 e
787 2237 960 2286 marmore
974 2219 1122 2301 insignia
1135 2218 1376 2299 constitissent,

201 2315 362 2381 iudicium
375 2315 511 2400 aliquod
523 2318 775 2400 permansisset,
791 2334 916 2383 manns
932 2317 1007 2400 ipsa
1024 2335 1094 2380 non
1115 2317 1219 2381 tracta
1236 2317 1374 2395 luisset;

202 2414 259 2480 sia
270 2415 406 2480 metallo
420 2414 531 2480 rorent
540 2416 679 2499 adjecta,
695 2416 750 2481 vel
762 2415 935 2498 coloripse
946 2415 1155 2479 admoueret.
1167 2412 1250 2479 Rem
1262 2418 1376 2481 nmen

201 2512 238 2576 iu
251 2512 363 2577 modio
377 2517 524 2595 praestat
537 2514 739 2596 relinquere.
858 2545 865 2559 ·

241 2608 341 2675 Gestn
354 2628 475 2693 parum
490 2610 681 2690 edocemur,
702 2612 730 2675 si
746 2611 893 2693 priorem
917 2611 1041 2676 seriem
1055 2613 1209 2693 spsctes;
1232 2608 1262 2673 is
1281 2610 1373 2675 euim

200 2713 251 2773 est
273 2707 331 2791 qui
345 2709 588 2792 antiquissimis
608 2708 797 2774 simulacris
811 2709 853 2774 ad
873 2727 981 2774 uuum
994 2708 1151 2774 omnibus
1168 2709 1348 2773 conveniat
1363 2729 1371 2785 ;

199 2805 228 2869 si
241 2805 283 2870 de
298 2805 481 2888 posteriore
496 2807 621 2888 agitur,
639 2806 750 2872 omnis
764 2806 806 2871 ab
821 2807 879 2871 illo
892 2807 1124 2891 interpretatio
1138 2806 1273 2889 pendet.

239 2902 368 2985 Duplex
381 2902 487 2983 igitur
502 2905 545 2968 sit
558 2904 795 2987 disputationis
809 2905 907 2979 ratio,
923 2923 991 2969 una
1012 2922 1099 2988 quac
1117 2905 1158 2969 ad
1173 2904 1372 2969 Nicandrum

199 3006 232 3065 et
248 3000 354 3065 socias
369 3002 441 3081 ejus
455 3002 631 3084 pertineat,
647 3002 753 3067 altera
768 3019 853 3085 quaa
868 3002 1096 3066 recentiorum
1110 3001 1373 3067 simulacrorum

200 3116 306 3179 genna
319 3097 518 3163 universum
534 3100 790 3183 complectatur.

238 3195 277 3260 ln
290 3195 473 3261 Nicandrae
491 3198 706 3263 rraathemate
729 3198 793 3263 boc
815 3197 1016 3274 demiratur,
1032 3216 1156 3264 manus
1182 3198 1300 3264 ambas
1329 3217 1372 3265 ex

196 3292 360 3357 industria
384 3300 539 3377 pertusas
567 3312 660 3369 esse;
683 3314 767 3379 quas
800 3302 1038 3361 ornamentum
1061 3295 1197 3382 aliquod
1224 3297 1370 3377 gessisse

193 3391 434 3474 intelligebam,
456 3391 555 3474 quala
569 3409 651 3456 vero
681 3394 764 3459 illud
779 3394 897 3459 luisset
911 3396 1129 3476 ambigebam
1146 3420 1153 3471 ;
1171 3396 1229 3459 sed
1246 3412 1369 3477 nuper·

193 3490 280 3555 rime
306 3490 435 3558 collecti
457 3490 499 3558 ab
526 3488 722 3555 Schreibero
747 3492 782 3556 in
797 3490 1236 3577 Archaeoloqs'scbelec'tnap
1262 3493 1366 3576 (1883,

194 3606 225 3670 p.
243 3589 352 3667 idi-ll
367 3587 501 3652 nummi
514 3588 746 3670 quaestionem
758 3589 1005 3672 expedierunt(
1025 3590 1048 3672 l.

233 3684 385 3767 Namque
399 3683 516 3751 doctus
535 3685 591 3751 illc
618 3704 681 3759 vir,
705 3686 787 3752 dum
809 3688 932 3753 relellit
958 3688 1155 3771 opinionem
1172 3705 1292 3753 eorum
1308 3689 1365 3773 qui

194 3783 389 3849 columnam
417 3781 586 3850 Minervae
616 3784 764 3866 Virginis
795 3786 911 3851 manui
940 3787 1151 3870 suppositam
1167 3805 1367 3867 graecorum

194 3879 404 3965 sculptorum
419 3882 650 3946 consuetudini
666 3902 734 3948 non
746 3901 949 3967 repugnare,
964 3884 1071 3949 immo
1085 3885 1225 3967 obsequi
1241 3886 1369 3968 praedi·

192 3983 279 4049 canl,
298 3982 458 4061 quattuor
472 3979 625 4061 producit
639 3981 790 4045 nummis
808 3981 912 4046 incisa
935 3982 1128 4061 simulacra,
1143 4001 1230 4067 quae
1246 3984 1367 4049 talibus

192 4075 308 4139 fulcris
335 4075 433 4139 inniti
461 4082 540 4141 sunt
559 4077 694 4153 credita,
720 4084 765 4153 et,
795 4098 831 4144 re
849 4080 1045 4161 diligentius
1060 4088 1243 4163 perspecta,
1260 4080 1367 4146 fulcra

190 4190 265 4236 assa
293 4177 408 4254 negat,
433 4172 535 4237 vittas
562 4192 636 4239 esse
665 4176 831 4241 insulasve
857 4176 1053 4241 constituit:
1077 4177 1193 4242 infulis
1208 4184 1366 4244 ornatum

190 4288 265 4335 osse
277 4269 471 4353 delphicum
486 4272 685 4339 umbilicum
700 4280 733 4341 et
746 4274 913 4358 tripodam
942 4276 1128 4358 Apollinis3
1149 4276 1264 4340 inlutis
1286 4278 1366 4342 deos

193 4366 296 4433 etiam
308 4368 479 4433 interdum
495 4368 647 4451 insignes
663 4388 747 4449 essa,
776 4379 809 4437 ct
832 4378 966 4438 taurum
981 4374 1093 4456 ipsum
1119 4375 1175 4457 qui
1194 4374 1363 4459 Europam

231 4573 269 4647 (l)
286 4574 337 4631 l'b.
351 4573 513 4645 schramm,
528 4575 797 4635 Parthenosrtods'ca.
