3534 5617
934 648 1101 716 ...64-

409 811 609 891 excogitare,
632 812 815 877 incredibili
838 831 944 896 paene
966 811 1129 878 industria
1152 813 1316 894 elongare
1329 837 1339 889 ,·
1354 813 1401 877 ita
1426 818 1475 891 ut,
1491 823 1573 898 quot

410 910 589 973 numinum
603 928 765 991 personae
781 916 908 977 suntet
934 912 1136 994 provinciae,
1160 911 1299 975 totidem
1313 910 1573 1010 significationes

409 1007 753 1091 commutationesque
779 1010 898 1073 flerent
913 1010 1102 1075 communis
1129 1008 1220 1073 illiue
1234 1010 1317 1092 typi,
1341 1010 1431 1093 quod
1443 1010 1485 1075 ad
1500 1012 1573 1075 uni-

409 1126 545 1171 versum
559 1106 700 1171 deorum
722 1124 831 1188 genus
854 1108 1052 1191 pertinebat.
1078 1108 1204 1173 Verum
1235 1108 1330 1174 labor
1349 1110 1406 1174 ille
1436 1111 1573 1175 creandi

409 1202 625 1287 variandiqua
640 1204 709 1285 typi
724 1204 1037 1287 antiquissimorum
1054 1204 1263 1287 sculptorum
1276 1206 1453 1287 ingenium
1467 1226 1507 1271 ac
1519 1209 1572 1271 fa·

410 1302 567 1366 cultatem
597 1302 787 1376 excedebat,
832 1302 966 1367 indocili
1003 1304 1179 1368 etiamtum
1217 1305 1367 1379 materia,
1400 1306 1572 1387 religionis

409 1401 611 1467 subobscura
625 1400 809 1483 disciplina,
831 1400 973 1467 deorum
986 1402 1146 1487 implicita
1160 1409 1298 1468 natura:
1316 1403 1430 1488 itaqua
1444 1410 1504 1469 aut
1518 1423 1571 1469 ree

408 1499 456 1565 eis
471 1516 591 1583 parum
603 1498 771 1576 succeseit,
794 1505 853 1563 out
866 1518 909 1565 ne
927 1500 1113 1583 periculum
1134 1501 1269 1582 quidem
1292 1502 1417 1565 iactum
1431 1506 1491 1566 est.
1507 1501 1573 1567 Noc

408 1598 544 1671 mirum,
560 1596 726 1679 siquidem
739 1596 889 1677 vulgaria
904 1598 1017 1680 opinio
1032 1598 1213 1663 numinum
1229 1599 1357 1664 indoles
1379 1619 1418 1664 ac
1442 1601 1570 1681 liguros

407 1696 464 1759 vix
478 1693 701 1769 discernebat;
718 1693 827 1776 poesis
844 1693 1004 1759 admistos
1018 1695 1168 1760 humano
1178 1696 1296 1775 generi
1310 1714 1450 1779 superos
1464 1695 1571 1779 finge·

407 1789 473 1866 bat,
483 1787 660 1853 hominum
669 1788 786 1854 habitu
800 1792 1223 1876 animoqucaimiles,intcr
1238 1798 1434 1860 sescautcm
1449 1814 1573 1877 cogna-

409 1886 557 1952 tissimos
584 1906 623 1951 ac
646 1905 725 1953 vere
753 1906 946 1970 germanos.
978 1889 1062 1955 Nam
1097 1891 1299 1976 ubicumque
1326 1892 1478 1957 mortalis
1492 1893 1573 1961 deae

408 1983 542 2047 obviam
555 1984 657 2059 venit,
673 1983 714 2048 da
723 1986 871 2061 nomine,
888 1987 929 2052 da
938 1993 1059 2053 natura
1068 1988 1171 2053 etiam
1185 1990 1257 2071 ejus
1267 1988 1437 2055 interdum
1450 1991 1572 2055 anxius

407 2081 476 2159 illa,
506 2082 694 2163 interrogat
720 2101 888 2167 quaenam
902 2085 998 2161 adsit,
1019 2078 1089 2151 lare
1120 2090 1159 2151 ut
1184 2086 1345 2152 Anchises
1374 2088 1412 2151 in
1445 2085 1574 2168 hymno

408 2181 599 2247 homerico:

553 2318 637 2392 Χαῖρε,
653 2318 752 2388 άνααο’,
763 2320 815 2389 ἥτις
830 2322 945 2395 μακάρων
959 2322 1017 2376 τάδε
1031 2318 1129 2395 tepet'
1140 2320 1239 2390 ἱκάνεις,

549 2398 688 2473 Ἀρτεμιςῆ
700 2403 782 2471 Λητὼ,
795 2402 823 2470 ἠὲ
834 2404 924 2477 ypram
942 2401 1086 2475 Ἀφροδίτη,

548 2481 564 2548 ἢ
576 2480 650 2553 θέμις
661 2480 772 2554 ἠϋγενὴς,
784 2481 812 2551 ἠὲ
823 2483 963 2555 placituris
978 2481 1074 2552 Ἀθήνη,

548 2562 621 2629 droti
634 2580 669 2624 τις
683 2562 793 2632 Χαρίτων
808 2562 877 2635 δεῦρ’
887 2564 983 2631 ἤλυθες,
998 2564 1052 2616 αἵτε
1065 2563 1155 2618 tentato

548 2644 622 2696 πᾶσιν
635 2641 791 2714 ἐταιριῖοιιοι,
807 2644 847 2697 καὶ
864 2642 978 2698 άθάνατοι
993 2644 1132 2709 καλέονται,

548 2722 565 2791 ἤ
576 2740 611 2784 τις
624 2722 761 2795 Νυμφάων,
776 2723 830 2779 αἵτ’
843 2723 993 2779 άλοεαααλὰ
1007 2725 1133 2796 νέμονται,

547 2802 589 2855 καὶ
600 2802 679 2875 πηγὰς
692 2810 811 2877 ποταμῶν
825 2805 865 2858 καὶ
875 2804 948 2859 πίσεα
960 2806 1078 2874 ποιήεντα
1086 2808 1133 2874 (l).

445 2925 521 2992 Jam
534 2945 627 3003 vcro,
646 2928 696 2991 lac
712 2933 829 3011 typum
843 2947 912 2993 uon
932 2928 1031 2994 certia
1046 2927 1199 2993 terminia
1212 2945 1286 2993 esec
1300 2928 1486 3004 delinitum,
1504 2943 1574 2991 non

408 3025 602 3091 uniuedeae
627 3030 687 3090 aut
700 3027 852 3090 mortalis
874 3027 1050 3109 proprium
1072 3045 1111 3091 ae
1134 3026 1351 3109 peculiarem,
1373 3044 1509 3091 necesse
1523 3029 1574 3089 est

408 3123 592 3187 mulierum
606 3122 766 3206 quidquid
776 3130 828 3187 est
841 3125 1091 3206 complectetur.
1107 3123 1178 3201 Quo
1193 3124 1327 3205 longius
1341 3129 1458 3187 autem
1473 3122 1573 3186 simu·

407 3221 576 3286 locrorum
603 3220 881 3301 significationem
905 3220 1108 3294 dilataveris,
1136 3226 1228 3285 tanto
1256 3219 1334 3303 plue
1360 3219 1572 3284 conclusione

408 3318 644 3401 comprehendi
652 3319 827 3401 oportebit,
838 3336 924 3401 quae
933 3319 975 3381 ad
984 3319 1064 3383 artis
1073 3319 1161 3383 vices
1172 3318 1420 3401 cognoscendas
1430 3322 1568 3401 spectat.

408 3420 496 3502 Ergo
510 3418 669 3484 historiae
683 3420 791 3485 multo
802 3422 910 3501 major
924 3419 1051 3484 utilitas
1062 3419 1261 3485 redundabit
1274 3419 1449 3484 cxiucerta
1458 3418 1574 3498 vulga·

407 3526 508 3601 toque
523 3517 648 3599 clllgie,
665 3536 767 3600 quam
788 3536 830 3583 ex
843 3517 979 3582 delinita
992 3524 1102 3601 atque,
1120 3524 1157 3582 ut
1169 3519 1215 3581 ita
1229 3518 1350 3592 dicam,
1366 3516 1508 3599 privata.

449 3616 534 3681 Sunt
547 3616 583 3681 in
596 3616 747 3680 archaice
761 3614 963 3681 Graecorum
977 3617 1149 3699 sculptura
1159 3615 1338 3680 simulacra
1360 3613 1441 3678 satie
1455 3615 1571 3688 multa,

408 3713 525 3780 habitu
539 3719 704 3797 gestuque
719 3712 851 3791 similia,
870 3713 1000 3778 artificii
1015 3714 1207 3779 continuata
1220 3712 1406 3777 mutatione
1420 3710 1575 3776 distincta

409 3813 512 3878 simul
529 3818 563 3878 et
576 3831 736 3889 connexo,
752 3814 841 3877 lama
855 3811 1184 3895 calaber1·ima:quac
1198 3811 1387 3875 diutissimo
1396 3808 1482 3874 dicta
1494 3811 1574 3871 sunt

408 3910 574 3994 Apollines
597 3912 657 3993 [αις
674 3928 763 3974 nunc
779 3910 836 3974 illa
863 3909 898 3973 iu
924 3910 1187 3974 adolescentium
1210 3926 1320 3989 genua
1339 3912 1397 3972 aut
1422 3906 1574 3970 virorum

408 4013 517 4073 aetate
526 4026 564 4073 ac
577 4007 704 4072 viribus
714 4006 906 4072 florentium
916 4008 1041 4072 relerre
1050 4011 1160 4088 magia
1169 4006 1287 4089 placet.
1300 4002 1460 4071 Convenit
1470 4002 1575 4084 igitur
1635 4002 1647 4025 ⁰
1758 4094 1762 4104 ¹

444 4195 483 4269 ll)
497 4196 578 4267 Hym.
590 4194 691 4251 homer.
705 4194 737 4249 in
758 4193 894 4261 Venerem,
913 4208 941 4249 r.
953 4193 988 4250 92
1012 4209 1075 4266 sqq.
1092 4192 1165 4249 Nota
1181 4190 1303 4265 dignum
1317 4195 1370 4262 cst,
1396 4191 1473 4267 qood
1499 4192 1572 4247 hacc

410 4268 589 4344 potissimum
610 4265 729 4322 numina
750 4265 853 4321 uestitu
868 4269 1008 4338 gestuque
1022 4269 1145 4335 cognata
1159 4280 1220 4321 case
1238 4264 1363 4320 vidimus
1381 4264 1391 4333 l
1414 4265 1571 4335 ,ἅδοιμι

445 4338 483 4414 (2)
496 4340 569 4396 Sunt
591 4336 808 4405 orchomenias,
818 4337 971 4405 Theracua,
994 4336 1163 4392 Tencoticus
1189 4335 1357 4408 (Orcrbcck,
1376 4282 1470 4392 deecit.
1486 4335 1514 4391 d.
1528 4350 1571 4403 pr.

409 4412 524 4481 Placete,
534 4411 590 4483 l‚p.
602 4413 636 4466 87
648 4426 724 4491 sqq„
736 4409 814 4464 labb.
830 4410 893 4477 8,9,
905 4408 960 4479 to.)
969 4437 1002 4449 -
1015 4406 1122 4473 Quibus
1132 4408 1199 4464 licet
1208 4406 1316 4462 addere
1324 4406 1492 4463 Ambracios
1505 4407 1572 4472 duo,

410 4483 494 4565 quiin
505 4484 599 4540 tlueeo
613 4480 762 4537 Parisrensi
776 4482 972 4546 casariculum
982 4479 1133 4551 Atticumli
1151 4495 1251 4546 unum,
1261 4477 1309 4550 qui
1319 4478 1441 4535 Londini
1456 4481 1513 4545 cst;
1524 4478 1575 4532 De·

409 4554 481 4611 irum
495 4550 778 4623 unum,tlcgaricum
792 4566 879 4606 unum
888 4550 1132 4623 (Sybcl,iiotot.,2
1146 4551 1240 4607 .-Dc
1252 4547 1386 4605 universa
1397 4547 1529 4606 scricaut
1538 4546 1573 4603 dc
