3534 5617
731 690 873 761 -5..

214 854 351 922 exordio
371 873 410 923 se
430 856 623 923 dediderant
642 857 699 941 (l);
722 856 782 933 illi,
807 810 893 925 teste
915 858 1092 939 Herodoto,
1108 861 1278 927 fertilitate
1305 863 1380 940 soli,

212 953 502 1030 civiumnumero
514 954 708 1022 divitiarum
718 956 823 1040 eopia,
835 958 985 1025 exercitu
993 959 1158 1037 valebant,
1171 978 1250 1025 oum
1263 959 1380 1025 ilarius

211 1048 248 1115 in
261 1049 394 1118 Perside
408 1058 553 1119 rexerat
567 1053 622 1136 (i).
646 1054 691 1119 lle
717 1052 874 1121 inventae
897 1063 1053 1123 monetae
1073 1057 1172 1123 laude
1194 1057 1288 1123 Nonii
1302 1077 1381 1124 eum

212 1150 324 1231 Argiis
346 1149 587 1237 Aeginetisque
604 1152 849 1218 contendebant
862 1154 917 1236 (3).
942 1154 1018 1220 lam
1031 1156 1179 1239 plurima
1202 1157 1381 1222 simulacra

212 1252 271 1311 aot
291 1248 327 1313 in
354 1249 465 1315 insula
479 1254 513 1315 et
537 1249 654 1315 mediis
680 1250 762 1333 ipsis
788 1250 975 1335 lapicidinis
1001 1254 1144 1334 iurantia
1169 1256 1226 1336 (t),
1256 1260 1317 1319 aut
1344 1255 1380 1320 iu

211 1344 351 1412 diversis
364 1347 518 1413 Graeciae
540 1347 736 1429 regionibus
762 1353 896 1433 reperta
916 1349 971 1432 (5),
987 1350 1187 1418 documento
1207 1357 1288 1420 sunt
1309 1370 1380 1417 non

211 1441 348 1526 iugenio
374 1445 487 1510 minus
509 1450 544 1511 et
564 1452 636 1511 arte
659 1464 761 1530 quam
782 1446 903 1530 opibus
924 1447 1119 1533 viribusque
1137 1450 1286 1533 viguisse
1306 1449 1378 1516 Na·

211 1558 306 1606 xum.
322 1540 412 1620 Quae
432 1543 578 1628 quidem
601 1543 735 1608 duriora
756 1550 789 1609 et
805 1546 1003 1629 perantiquo
1017 1546 1084 1611 ritu
1098 1548 1194 1621 faeta,
1209 1553 1269 1612 aut
1282 1548 1377 1632 pario

211 1646 364 1705 eoostant
377 1658 547 1708 marmore
559 1646 620 1708 aut
632 1643 823 1717 vernaculo,
843 1643 891 1707 ita
909 1650 947 1708 ut
967 1652 1128 1728 appareat
1146 1647 1281 1711 initium
1295 1646 1378 1711 artis
1457 1720 1459 1724 .

211 1737 315 1823 hujus
337 1740 393 1805 vix
415 1738 573 1806 Chiorum
601 1742 771 1825 sculptura
792 1741 959 1807 recentius
983 1760 1067 1809 esse.
1098 1743 1174 1809 Jam
1197 1743 1379 1809 Pausanias

212 1842 328 1903 auctor
358 1844 407 1903 est
430 1839 485 1923 (6),
513 1856 591 1904 oum
614 1839 762 1921 Alyattes
785 1839 897 1923 Lydis,
921 1841 1085 1925 Astyages
1106 1861 1198 1920 vero,
1222 1843 1378 1927 Gyaxaris

210 1934 314 2011 filius,
328 1934 433 2001 Medis
451 1935 693 2019 imperitarent,
720 1936 842 2020 Byzan,
859 1936 1004 2003 Naxium
1026 1941 1151 2016 virum,
1167 1957 1377 2005 marmoreas

211 2033 344 2114 tegulas
358 2033 476 2099 iecisse
490 2039 524 2099 et
538 2034 673 2118 ectypis,
689 2039 727 2099 ut
742 2036 884 2111 videtur,
906 2054 1088 2103 exornasse
1105 2058 1113 2102 ε
1133 2040 1229 2121 eujus
1242 2045 1275 2102 et
1287 2040 1378 2104 illius

211 2130 364 2213 Euergue
378 2133 586 2216 sculpturam
609 2133 794 2198 exercebat.
818 2132 990 2219 Siquidem
1012 2134 1122 2201 ionica
1145 2136 1283 2201 dialecto
1302 2142 1379 2203 ute-

211 2230 334 2296 bantur
346 2229 442 2296 Naxii
455 2234 489 2295 et
502 2230 679 2313 alphabeto
702 2231 793 2316 quod
815 2232 909 2315 pario
932 2232 1074 2318 ohioque
1096 2234 1292 2317 proximum
1313 2241 1376 2311 ast,

212 2329 403 2395 oommeraii
422 2334 536 2395 autem
559 2348 660 2394 rausa
678 2336 856 2413 utramque
875 2330 1024 2396 insulam
1045 2333 1315 2417 frequentabant,
1327 2334 1377 2399 ia-

212 2427 377 2495 aillimum
391 2428 504 2493 luitut
517 2429 559 2493 ab
572 2428 631 2494 illa
644 2430 833 2503 materiam,
855 2432 896 2494 ab
917 2429 980 2495 hae
992 2436 1101 2495 artem
1114 2436 1374 2513 mutuarentur;

213 2531 248 2595 at
259 2532 380 2592 natura
391 2526 464 2610 ipsa
478 2526 541 2591 soli
555 2527 597 2592 ad
611 2527 709 2592 istius
723 2527 857 2609 generis
873 2528 1025 2593 laborem
1038 2547 1096 2593 eos
1112 2529 1321 2595 hortabatur.

252 2625 325 2692 Non
340 2626 434 2691 Creta
447 2644 617 2691 marmora
631 2627 735 2704 ferax,
750 2645 820 2693 non
835 2627 919 2694 Paro
933 2630 1041 2693 vicina
1056 2648 1166 2713 neque
1179 2631 1306 2708 aftlnis3
1318 2632 1377 2697 sed

213 2729 283 2789 tam
297 2724 378 2788 artis
392 2724 534 2789 vinculis
548 2731 618 2790 tota
632 2723 765 2791 Graecia
779 2726 987 2801 cohaerebat,
1007 2733 1098 2792 tanta
1113 2728 1291 2811 cupiditate
1306 2728 1376 2791 dis·

213 2821 356 2887 condiet
383 2821 418 2885 in
447 2838 565 2886 omnes
591 2820 721 2903 ingenii
747 2822 818 2887 vias
845 2824 1036 2907 proficiendi
1059 2825 1308 2901 incendebatur,
1336 2829 1377 2889 ut

213 2918 373 3004 quidquid
405 2917 528 3001 ubique
564 2921 741 2983 inventum
772 2925 867 2997 esset,
906 2924 1021 2986 statim
1046 2922 1082 2986 in
1112 2939 1231 2987 omnes
1264 2928 1376 3004 partes

213 3018 419 3101 pervaderet,
443 3017 479 3080 in
500 3016 576 3081 illas
597 3016 784 3101 praecipue,
797 3036 882 3101 quae
904 3021 1053 3086 mamma
1075 3020 1225 3085 excultae
1251 3024 1373 3086 essent.

212 3116 267 3183 Sia
290 3116 500 3182 Cretensibus
523 3116 674 3197 contigit,
699 3116 837 3182 ineunte
859 3124 955 3183 sexto
979 3125 1057 3185 ante
1076 3119 1150 3185 Gbr.
1177 3123 1321 3193 saeculo,
1337 3126 1376 3185 ut

212 3234 282 3282 non
308 3214 420 3281 Naxiis
439 3220 571 3281 mutum
587 3215 852 3294 aemularentur,
867 3217 928 3283 sed
942 3218 1030 3283 Chiis
1044 3219 1157 3299 etiam,
1181 3219 1211 3283 si
1231 3220 1377 3285 ereditur

213 3312 331 3389 Plinio,
362 3317 581 3397 praestarent.
609 3311 737 3378 Plinius
763 3314 854 3379 enim
877 3315 921 3398 (i)
948 3316 1003 3381 vel
1022 3314 1143 3381 Melani
1167 3317 1377 3400 posterisque

213 3413 287 3495 ojus
309 3411 493 3496 Dipoeoum
507 3419 541 3479 et
554 3412 734 3495 Sryllidam
756 3419 960 3497 anteponere
988 3414 1138 3494 videtur;
1167 3416 1290 3501 quippe
1317 3418 1375 3499 qui

213 3510 277 3577 hos
291 3510 377 3576 dieat
394 3533 408 3570 o
423 3511 549 3594 primos
561 3510 758 3575 inclaruisse
770 3532 785 3570 a
800 3531 808 3588 ;
823 3511 962 3577 illorum
980 3519 1105 3585 autem,
1123 3517 1217 3597 quasi
1236 3514 1374 3595 diligen·

213 3611 279 3679 tiae
292 3609 467 3693 religione,
482 3612 690 3679 mentionem
704 3610 802 3675 faciat
815 3611 850 3676 in
862 3616 1066 3677 transcursu.
1087 3610 1251 3694 Cogitanti
1272 3613 1373 3679 etiam

212 3820 286 3948 Am
298 3819 392 3946 ἓιιεω
404 3820 525 3951 ωὲΙῑῖιη
534 3817 717 3877 Cretensibus
727 3817 923 3877 ldilehhoeifsr
931 3820 1065 3878 tribuerit
1075 3820 1256 3879 notissimum
1266 3823 1376 3898 estillr'e

241 3907 283 3948 n.
318 3907 348 3947 ar
398 3893 433 3947 'ee
456 3932 463 3948 .
489 3894 582 3949 'unst.

249 3892 287 4035 (gl
306 3909 453 4033 ppffiop„
467 3980 495 4033 v,
512 3892 614 4033 28,)3t.
636 3962 678 4021 dt.
699 3961 786 4019 Diod.
806 3961 861 4023 Sia.
878 3961 946 4036 (vll,
961 3961 1067 4037 fragm.
1084 3966 1128 4035 13,
1143 3964 1195 4022 Ed.
1216 3964 1312 4041 llidot)
1326 3982 1373 4042 ap.

212 4034 327 4103 Euseb,
348 4034 462 4103 claron,
478 4051 506 4107 p.
523 4038 617 4092 188-9.

261 4107 286 4173 ³l
307 4106 413 4173 Pollux,
427 4106 538 4177 Opone..
552 4123 590 4175 rx,
605 4108 649 4162 83.

261 4178 277 4232 t
306 4178 386 4246 lloss,
401 4178 511 4240 insola,
525 4194 545 4247 r,
559 4194 588 4251 p.
602 4179 646 4235 39.
660 4176 745 4233 Plura
764 4175 835 4233 vidit
850 4177 994 4236 amicust.
1008 4179 1128 4249 Martha,
1139 4196 1205 4237 oum
1218 4196 1295 4238 anno
1305 4184 1374 4240 1818

149 4288 152 4295 .
213 4246 339 4304 insuam
353 4248 543 4322 perlustravit.

248 4317 288 4393 (ὅ)
308 4320 381 4377 Sunt
393 4320 455 4376 lloli
475 4320 543 4389 duo,
554 4319 727 4377 Orobomeni
743 4336 833 4379 unum
843 4320 963 4396 (Annali
974 4322 1037 4379 dall'
1050 4324 1118 4379 lrrtt.
1137 4322 1167 4378 di
1183 4324 1277 4392 aomo,
1295 4326 1373 4394 laos,

212 4390 389 4517 Tardssd'agg.
396 4392 445 4519 ὦ,
455 4390 495 4465 8).
514 4391 560 4449 cl.
572 4398 697 4449 aeneum
717 4392 845 4466 sigillum
865 4394 954 4451 linaei
970 4395 1075 4464 lierni,
1094 4393 1178 4450 Areb.
1196 4395 1373 4468 zut.,1879,

236 4502 243 4516 ι
307 4478 383 4535 sqq„
448 4502 455 4518 ⁸
470 4479 520 4521 vu·

213 4478 232 4535 p
249 4532 289 4676 {b}
308 4534 440 4601 Pansam,
451 4550 479 4601 v,
495 4535 539 4603 10,
554 4535 581 4591 8.

261 4606 278 4657 7
307 4603 391 4675 rita,
407 4606 441 4667 d.
461 4606 618 4675 li.,mr1,
635 4605 672 4667 9..
