3534 5617
915 655 1087 721 ..44-

377 892 381 899 ,
409 820 500 889 vehit
510 820 550 902 (1)
564 841 573 898 ;
590 819 705 884 infulis
719 821 955 904 antiquissime
969 820 1161 887 simulacra.
1174 836 1260 903 quas
1282 817 1579 896 xoanadieuutur,

408 919 540 1001 saepius
568 922 686 986 ornata
715 923 774 983 aut
818 919 969 985 involuta
996 917 1166 1001 luissstl).
1197 915 1287 995 Orias
1329 918 1384 982 vel
1422 916 1580 982 manibus

409 1016 600 1101 prehensas,
619 1017 672 1083 vel
696 1017 831 1083 aliunde
851 1018 1013 1102 pendulas
1030 1022 1155 1099 gerunt
1177 1014 1320 1100 Ephesia
1333 1015 1447 1087 Diana,
1466 1014 1581 1079 Samia

407 1114 425 1180 J
428 1133 507 1192 uuo,
522 1115 539 1181 J
543 1115 653 1199 upiter
661 1114 887 1190 Labrandaus,
903 1117 964 1182 llia
977 1116 1127 1181 Minerva
1138 1115 1200 1199 (3);
1217 1132 1301 1199 quas
1315 1113 1450 1197 utrique
1463 1111 1582 1177 deliaci

406 1212 505 1277 xoani
521 1212 638 1281 manui
656 1212 798 1279 insertas
820 1215 924 1279 tuisse
945 1232 1035 1279 reor.

447 1309 532 1376 Nota
563 1315 677 1376 autem
706 1310 850 1393 dignum
887 1318 938 1378 est
968 1311 1160 1377 istiusmodi
1187 1310 1347 1393 insignia,
1376 1308 1583 1392 ubicumque

408 1416 597 1485 occurrunt,
614 1412 668 1477 val
683 1413 725 1476 ad
747 1411 826 1477 deos
847 1412 1003 1495 deasque,
1024 1410 1079 1476 vel
1106 1410 1148 1475 ad
1175 1428 1230 1475 res
1254 1426 1367 1474 moras
1394 1415 1429 1472 et
1450 1406 1583 1491 lapides

408 1526 469 1593 pro
485 1508 682 1573 numinibus
695 1509 827 1575 habitos
841 1514 1003 1593 spectare.
1020 1508 1112 1575 Unde
1127 1509 1296 1591 praeclara
1325 1508 1387 1573 lux
1401 1507 1512 1573 oritur
1544 1506 1584 1570 de

408 1612 527 1672 natura
548 1606 720 1671 simulacri
756 1606 884 1683 deliaci,
917 1614 951 1673 ct
978 1607 1076 1673 deam
1095 1608 1326 1673 effictamesse
1340 1608 1493 1690 apparet.
1506 1602 1581 1669 Scio

409 1706 545 1790 quidem
560 1705 741 1771 nonnullos
760 1707 961 1772 contendere
987 1708 1042 1774 vel
1071 1705 1298 1771 sacerdotibus
1326 1722 1485 1770 concessa
1511 1721 1583 1768 esse

408 1804 567 1885 insignia.
583 1822 670 1887 quae
683 1804 815 1869 numini
828 1806 870 1869 ab
887 1805 971 1888 ipsis
985 1805 1076 1869 culto
1089 1804 1320 1870 convenirent.
1331 1801 1447 1885 Neque
1460 1801 1584 1867 indtias

408 1904 527 1969 iverim
553 1908 609 1987 tt);
635 1905 695 1969 sed
710 1908 782 1987 jam
804 1923 894 1986 nego
916 1905 1096 1970 discrimen
1115 1905 1225 1969 ullum
1253 1904 1341 1968 inter
1360 1903 1443 1967 deae
1471 1919 1584 1966 sacer-

408 2001 535 2067 dotisve
549 2002 679 2083 effigies
694 2002 866 2078 interesse,
883 2022 994 2088 neque
1006 2004 1076 2068 ulla
1090 2004 1219 2068 ratione
1233 2003 1319 2065 hanc
1331 2000 1373 2064 ab
1387 2000 1445 2064 illa
1459 2000 1594 2064 secerni

408 2116 518 2184 posse,
536 2098 601 2163 nisi
614 2100 840 2183 inscriptionis
861 2101 1011 2165 auxilio:
1041 2102 1134 2185 atqui
1162 2100 1279 2165 titulus
1306 2096 1509 2163 Nicandram
1531 2114 1585 2160 sa·

410 2198 558 2263 cerdotio
575 2198 724 2263 iunctam
739 2218 814 2264 esse
829 2200 968 2265 omnino
982 2218 1051 2265 non
1065 2199 1222 2265 declarat.

445 2297 531 2362 Deae
545 2296 650 2379 igitur
671 2297 820 2379 effigiem
845 2297 1009 2362 Nicandro
1031 2298 1154 2363 Dianae
1168 2300 1374 2372 sacraverat3
1398 2313 1464 2376 age
1486 2312 1581 2373 vero,

407 2412 493 2479 quae
507 2394 655 2459 condicio
688 2400 738 2459 est
764 2395 855 2460 iltius
882 2395 1064 2470 simulacri,
1097 2413 1137 2459 ea
1171 2393 1212 2458 ad
1239 2394 1435 2458 universam
1460 2391 1582 2456 seriem

407 2496 543 2574 spectat,
558 2492 585 2555 si
602 2491 705 2575 priori
719 2490 937 2575 disputationi
965 2494 1127 2569 creditum
1156 2492 1270 2576 itaque
1298 2490 1457 2555 omuibus
1482 2489 1583 2553 simu·

409 2590 508 2655 locris
520 2608 714 2673 expressam
731 2609 804 2655 assa
817 2592 915 2656 deam
929 2592 1140 2674 conjecerim.

448 2685 534 2765 Quid
575 2688 664 2771 quod
698 2688 836 2752 inferior
861 2706 940 2772 pars
968 2689 1146 2770 signorum
1167 2688 1192 2761 l,
1208 2688 1237 2752 ll
1252 2692 1285 2752 et
1304 2686 1447 2767 V(tabb.
1466 2686 1491 2760 1,
1513 2685 1579 2769 Ill),

407 2785 519 2866 figura
534 2804 572 2850 ac
587 2786 809 2869 descriptione
823 2792 1026 2867 congruunt,
1044 2805 1112 2851 non
1127 2804 1205 2851 cum
1225 2784 1471 2868 antiquissimis
1481 2781 1579 2847 modo

406 2885 535 2958 noenia,
563 2884 621 2951 sed
635 2903 713 2949 cum
726 2884 890 2969 lapidibus
904 2886 1017 2963 etiam,
1030 2886 1088 2970 qui
1102 2885 1204 2969 primi
1217 2885 1399 2950 numinum
1414 2882 1489 2947 loco
1502 2885 1580 2945 sant

407 2982 487 3047 culti
503 2983 574 3066 (a)‘l

444 3080 489 3146 lte
500 3081 552 3145 his
569 3081 757 3159 hactenus,
783 3083 856 3165 jam
880 3082 923 3148 ad
950 3084 1172 3167 posteriorem
1187 3081 1309 3147 seriem
1326 3084 1473 3154 transeo,
1492 3092 1577 3161 quae

405 3184 508 3263 gestu
522 3196 645 3244 manus
661 3179 801 3261 pallium
816 3180 1011 3246 adducentis
1025 3181 1242 3261 estinsignis.

447 3275 482 3343 Si
497 3278 654 3361 vulgatae
668 3278 834 3344 assentior
847 3278 1010 3361 opinioni,
1024 3285 1141 3363 gestus
1156 3297 1195 3344 ea
1216 3278 1268 3343 vis
1282 3283 1334 3343 ast
1348 3282 1385 3343 ut
1400 3275 1480 3341 deas
1493 3273 1575 3339 duas

440 3490 481 3565 (l)
492 3493 669 3549 testimonia
700 3492 736 3548 ab
756 3493 927 3550 Schreibero
946 3497 1093 3551 mutuatas
1112 3511 1186 3562 sum,
1202 3510 1273 3549 n.n.
1289 3495 1334 3561 ta,
1350 3494 1395 3560 tl,
1407 3493 1451 3548 ta.

439 3566 477 3636 (2)
511 3564 663 3620 Schneider
694 3565 817 3620 Dianam
848 3570 1018 3637 Astyrenam
1047 3569 1147 3635 notat;
1174 3565 1214 3621 cl.
1233 3566 1332 3621 Jovem
1356 3562 1570 3632 Labrandeum,

406 3634 530 3693 Dianam
545 3636 697 3708 Ephesiam
711 3654 719 3704 ;
731 3637 860 3709 prolerre
875 3654 991 3710 quoque
1007 3638 1073 3694 licet
1083 3636 1195 3711 lapides
1206 3653 1258 3710 pro
1272 3635 1359 3691 idolis
1373 3634 1572 3708 antiquissime

404 3706 518 3762 habitos
532 3724 538 3775 ;
553 3724 676 3779 quorum
690 3710 797 3763 multos
818 3708 946 3765 Gerhard
962 3708 1200 3765 commentationi
1215 3709 1294 3764 «Das
1304 3708 1431 3763 ldelroon
1447 3706 1509 3761 und
1527 3706 1572 3763 die

405 3779 611 3862 tidttermutler
621 3801 637 3831 n
649 3780 680 3835 in
696 3779 800 3835 tabulis
810 3780 917 3905 &diem
934 3780 1075 3907 (illuderet.
1089 3776 1570 3908 ssdzcggl.i5taehxb.rssilanxlu.¹)nltidg

403 3852 1089 4004 rvplpsnennpisrpgisrgtshpsscppd‚evalnfflppgspvep
1108 3867 1369 4004 bisseni-iagnppsci
1388 3866 1551 4003 poss’unt.qu

438 3994 476 4065 (3)
497 3992 658 4061 Schrcrber,
672 3995 690 4049 l.
705 4010 739 4049 c..
758 3995 816 4050 tab.
836 3996 863 4063 l,
875 3996 903 4062 l,
924 3999 948 4055 t,
964 3998 990 4051 3.
1004 4026 1038 4036 -
1052 3996 1089 4051 [le
1102 3996 1147 4051 his
1169 3993 1267 4049 infulis
1280 3994 1385 4064 agitur,
1408 3994 1441 4045 ut
1456 4008 1566 4065 oprnor,

403 4063 434 4120 in
453 4065 582 4121 carmine
597 4066 674 4137 quod
689 4064 821 4121 Clemens
832 4065 1042 4122 Alexandrinus
1054 4066 1177 4123 servavit
1191 4066 1344 4139 (stromat,
1357 4080 1377 4133 1,
1387 4062 1455 4136 25);

542 4136 666 4229 ((αλλιθόη
680 4136 823 4227 κλειδοῦλος
840 4136 1004 4210 Ὀλυμπιάδος
1013 4139 1134 4208 δασιλεῐης

555 4209 621 4305 Ηξης
640 4208 759 4281 Ἀργείης,
774 4228 789 4276 η
803 4210 925 4281 πέμμασι
939 4210 980 4262 καὶ
992 4211 1129 4265 θυσάνοισιν

431 4350 475 4434 Ι(4)
495 4298 626 4422 Nolim
639 4278 844 4407 gipdiappisgpigcepsl
855 4280 1168 4433 chpqpffippvcfflws
1185 4352 1316 4409 invenias
1330 4352 1432 4433 vestes,
1445 4366 1565 4409 coronas

400 4421 515 4550 {grippone
530 4426 711 4493 ornamenta,
726 4438 800 4497 quae
824 4439 937 4478 numrnr
951 4440 1033 4480 sacra
1052 4428 1156 4494 cuent,
1183 4442 1200 4481 a
1226 4421 1423 4481 sacerdotibus
1449 4428 1561 4495 gestata

436 4564 474 4638 (5)
490 4536 534 4623 lla
549 4564 750 4638 querelosius
764 4564 898 4636 incapite
918 4582 948 4622 ru
965 4566 1144 4635 tractabitur,
1156 4583 1186 4639 p.
1201 4570 1236 4626 72
1252 4584 1316 4643 sqq.
