3534 5617
909 651 1087 719 ..16-

397 818 494 900 signe
510 816 614 892 adest,
623 814 682 880 sed
694 820 835 899 ubsque
853 836 976 885 manus
989 820 1121 885 occlusa
1134 825 1348 906 periuraque,
1360 822 1472 906 inqua
1485 823 1564 906 quid

394 915 610 980 insereretur.
627 915 753 981 Sexum
777 916 871 981 nulla
894 918 1015 983 indicia
1038 920 1281 1002 demonstrant,
1295 925 1329 986 et
1347 920 1388 986 de
1411 940 1451 985 eo
1468 921 1564 987 valde

396 1013 623 1094 ambigeretur
657 1050 695 1061 -
722 1031 802 1078 nam
834 1016 940 1082 effusa
965 1022 1038 1082 tum
1061 1036 1157 1084 coma
1177 1018 1378 1103 longiorque
1406 1020 1519 1083 tunica
1543 1038 1564 1083 a

394 1112 476 1178 viris
496 1112 598 1178 etiam
616 1113 850 1195 usurpabatur,
865 1148 907 1164 -
927 1116 992 1179 nisi
1011 1116 1212 1199 inscriptum
1238 1117 1334 1182 lateri
1353 1116 1564 1201 epigramma

394 1211 496 1277 tidem
521 1212 644 1277 faceret
669 1234 676 1278 :
705 1230 772 1295 quo
799 1212 952 1278 locutum
975 1214 1196 1280 simulacrum
1223 1215 1405 1290 salliance,
1431 1215 1563 1297 sagittis

396 1308 554 1391 gaudenti
576 1310 668 1388 deae,
692 1328 712 1374 a
743 1310 886 1377 muliere
917 1314 1056 1396 egregia
1081 1312 1244 1379 Nicandra
1274 1314 1462 1380 dedicatum
1489 1331 1563 1380 esse

395 1407 563 1492 praedicet
578 1410 631 1491 tl).

435 1506 540 1587 Quod,
557 1505 615 1571 ubi
644 1506 792 1590 primum
815 1508 969 1583 intueris,
993 1506 1178 1575 admodum
1199 1510 1284 1576 rude
1305 1510 1438 1576 videtur
1454 1515 1488 1576 et
1506 1510 1563 1576 vix

394 1607 562 1672 humanae
590 1604 701 1688 magis
719 1610 827 1689 'quam
848 1608 1072 1689 geometricae
1101 1610 1231 1690 figurae
1250 1609 1408 1675 accedens
1434 1630 1442 1671 :
1463 1608 1561 1672 nimi·

394 1723 473 1771 rum
499 1704 606 1770 tribus
629 1702 711 1768 illud
732 1710 884 1770 constare
899 1705 1023 1771 dixeris
1046 1707 1285 1789 pyramidibus,
1310 1725 1396 1792 quae
1416 1724 1561 1789 superne

396 1805 462 1869 sint
476 1809 613 1868 truncae
625 1822 632 1878 ;
644 1802 691 1866 ita
704 1819 785 1867 vero
795 1803 863 1868 sint
876 1806 1083 1888 compositae
1096 1811 1145 1885 ut,
1164 1812 1235 1871 tum
1246 1806 1371 1887 fastigii
1381 1804 1557 1887 angustiis,

394 1908 467 1967 lum
489 1902 578 1967 basis
603 1900 778 1966 latitudine
807 1902 1019 1982 commissae,
1046 1903 1133 1968 inter
1155 1922 1228 1969 sese
1251 1903 1475 1978 cohaereant;
1499 1908 1558 1967 aut

395 1998 510 2081 palum
529 2014 603 2063 esse
625 1998 834 2080 judicaveris,
847 2002 943 2081 cujus
957 2000 1143 2066 mediadere
1155 2018 1233 2085 pars
1247 2001 1291 2066 sit
1303 2005 1487 2077 attenuata,
1505 2000 1558 2065 cui

395 2100 495 2181 caput
509 2114 609 2181 super
623 2097 832 2181 impositum,
848 2098 940 2181 scapi
953 2098 1135 2183 utrimque,
1157 2100 1371 2165 brachiorum
1390 2100 1474 2175 loco,
1493 2097 1561 2162 sint

393 2194 496 2261 altlxi.
512 2195 602 2260 Adeo
617 2196 701 2259 dura
714 2195 888 2279 rigidoque
903 2201 983 2259 sunt
998 2197 1132 2261 omniat

432 2293 557 2359 Tunica
571 2294 673 2371 enim,
689 2294 743 2360 vel
758 2294 870 2376 potius
884 2295 1018 2375 vagina,
1039 2314 1106 2378 qua
1131 2313 1252 2380 corpus
1265 2295 1459 2373 includitur,
1475 2294 1559 2375 ligni

392 2392 562 2459 metallive
584 2392 733 2474 rigorem
754 2390 954 2470 aemulatur,
972 2410 1034 2457 nec
1056 2393 1181 2457 textilis
1203 2399 1343 2459 naturae
1357 2394 1557 2475 obsequens,

393 2490 493 2575 quod,
516 2488 712 2574 praesertim
727 2488 935 2563 adstrictum,
952 2490 1046 2570 rugis
1057 2489 1260 2573 implicatur,
1284 2508 1346 2555 nec
1363 2488 1557 2572 supposito·

390 2605 469 2654 rum
492 2588 724 2652 membrorum
738 2587 828 2651 tlexu
849 2586 997 2651 sinuosa.
1012 2586 1131 2652 Latera
1145 2594 1277 2653 tantum
1300 2588 1336 2652 in
1356 2588 1473 2653 orbem
1493 2586 1558 2652 cir·

392 2686 538 2752 cumcisa
567 2692 663 2763 sunt3
691 2685 784 2751 frons
812 2686 952 2749 adversa
976 2690 1178 2769 tergumque
1205 2687 1248 2752 ad
1279 2683 1555 2770 perpendiculum

391 2785 601 2870 complanata
615 2791 876 2869 exaequataque,
903 2790 941 2850 ut
965 2787 1074 2850 trabes
1097 2787 1170 2851 lieri
1195 2787 1323 2862 solent;
1339 2803 1408 2850 non
1429 2790 1554 2867 pectus,

329 2915 332 2923 ,
391 2902 461 2950 non
474 2890 602 2959 venter,
619 2902 728 2969 neque
743 2885 869 2962 clunes,
896 2902 963 2948 non
981 2902 1094 2965 genua
1112 2884 1320 2967 prominent3
1336 2889 1380 2961 et,
1405 2882 1470 2947 nisi
1484 2882 1556 2946 cin·

390 2982 473 3064 gulo
487 2981 643 3046 dellnilus
666 2986 754 3046 esset
769 2998 929 3045 coxarum
951 2981 1051 3058 orbis,
1076 2998 1119 3045 ne
1138 2997 1236 3044 crura
1255 2980 1390 3062 quidem
1404 2996 1424 3042 a
1438 2983 1555 3042 trunco

391 3080 668 3146 discernerentur.
693 3078 816 3144 Idcirco
835 3077 1006 3143 simulacri
1021 3079 1133 3160 ligura
1153 3079 1260 3162 ipsius
1274 3077 1393 3161 lapidis
1413 3077 1556 3159 descrip-

388 3179 480 3243 tione
506 3177 684 3244 terminato
709 3195 783 3243 esse
813 3176 944 3242 videtur
960 3195 968 3239 ι
984 3177 1066 3259 quin
1088 3196 1127 3242 os
1151 3178 1254 3241 etiam
1287 3182 1321 3240 et
1343 3175 1445 3259 pedes
1468 3174 1556 3239 inira

388 3274 509 3340 libram
523 3272 670 3340 reducti!

427 3372 626 3457 Quanquam
643 3373 728 3439 vesti
742 3374 825 3439 adeo
840 3375 1228 3457 subjectumestcorpus,
1244 3377 1282 3437 ut
1292 3372 1355 3437 sub
1369 3372 1427 3437 illa
1440 3372 1552 3443 lateat,

388 3469 423 3535 in
437 3478 529 3538 vesle
543 3472 616 3556 ipsa
629 3472 778 3555 peccavit
791 3473 912 3538 artilex
929 3494 936 3535 :
952 3474 1049 3554 cujus
1069 3478 1222 3555 aspectus
1237 3490 1317 3537 vero
1341 3489 1461 3554 parum
1483 3489 1553 3536 res·

388 3569 523 3653 pendet,
540 3570 736 3654 compositio
759 3590 828 3635 non
848 3570 963 3655 liquet.
985 3570 1070 3635 Nam
1084 3572 1265 3635 obscurum
1279 3576 1330 3635 est
1344 3570 1402 3634 ubi
1413 3570 1551 3643 desinat,

387 3674 501 3733 utrum
516 3669 628 3733 tunica
651 3670 722 3734 sola
741 3674 881 3747 constet,
902 3688 947 3733 an
971 3670 1095 3734 textilis
1114 3669 1235 3734 thorax
1252 3685 1355 3751 super
1376 3667 1554 3749 impositus

387 3767 442 3845 sit,
457 3767 515 3851 qui
538 3767 733 3852 saepissime
761 3767 796 3830 in
818 3767 938 3832 statuis
963 3772 1022 3833 aut
1046 3767 1140 3851 pictis
1162 3784 1323 3832 vasorum
1350 3763 1554 3846 imaginibus

387 3864 547 3930 cernitur.

425 3960 509 4036 lam,
527 3980 613 4045 quae
626 3967 765 4027 naturae
779 3962 967 4046 sequendae
981 3979 1081 4027 causa
1096 3962 1311 4046 potissimum
1324 3960 1440 4026 effecta
1460 3962 1549 4031 sunt,

385 4077 455 4124 non
484 4058 596 4125 omnia
626 4077 827 4125 successere.
852 4058 991 4126 Brachia
1013 4060 1115 4137 enim,
1139 4059 1310 4143 utrimque
1335 4058 1491 4134 demissa,
1515 4060 1553 4119 ut

383 4172 543 4222 mensura
560 4162 594 4221 et
607 4157 706 4221 tereti
719 4156 827 4223 torma
849 4156 892 4221 ad
903 4158 1077 4223 veritatem
1090 4158 1301 4241 aliquatenus
1315 4154 1486 4228 accedunt,
1508 4152 1553 4215 ita

382 4253 488 4319 nimia
516 4255 703 4337 gracilitate
717 4260 750 4319 et
764 4256 970 4321 anatomicae
985 4255 1159 4339 compagis
1172 4252 1365 4337 ignorantia
1378 4252 1550 4321 laborant:

378 4352 454 4436 jam
466 4354 596 4437 corpori
613 4354 726 4418 minos
741 4359 819 4437 apta
840 4359 973 4429 natura,
998 4371 1101 4437 quam
1123 4372 1203 4420 casu
1226 4352 1390 4436 applicata
1412 4368 1487 4415 esse
1501 4348 1553 4414 vi·

419 4566 458 4641 (t)
475 4568 498 4625 Ι.
513 4566 545 4625 G.
562 4567 611 4639 A,
628 4575 659 4624 ιιο
670 4567 743 4639 4073
762 4566 799 4625 ci.
821 4568 891 4627 dull.
905 4568 1022 4627 dsGerr.
1043 4569 1155 4639 better,
1178 4569 1255 4634 tert,
1271 4584 1300 4640 p.
1315 4568 1343 4639 d,
1359 4566 1421 4626 tab.
1437 4582 1457 4634 r,
1477 4568 1504 4621 t.
