3534 5617
881 677 1038 751 -p..

376 852 409 913 et
433 844 599 913 memoria
611 844 774 930 repetenti
788 861 891 932 qnam
911 849 1020 913 multa
1039 848 1198 933 verisque
1215 846 1422 915 Cretensium
1436 850 1542 915 simn-

373 948 463 1012 lacra
476 946 744 1027 dinumerentur,
759 962 861 1029 qnam
884 946 951 1012 late
973 964 1032 1023 per
1047 946 1218 1013 Graeciam
1232 947 1357 1012 diiiusa
1371 948 1478 1014 fuisse
1492 950 1541 1014 di·
1672 960 1677 967 '

373 1048 502 1121 centur,
523 1044 614 1127 ipsos
637 1058 771 1127 qnoque
793 1042 830 1108 in
844 1042 1081 1111 diversissimis
1103 1045 1185 1110 locis
1209 1050 1243 1111 et
1269 1052 1495 1112 commoratos
1509 1052 1543 1112 et

309 1164 312 1171 ⁴
373 1146 528 1225 operatos
541 1140 734 1221 asse,Greta
756 1140 898 1207 tortasse
921 1140 1076 1207 rideatur
1099 1143 1249 1208 maxima
1265 1143 1299 1209 vi
1313 1149 1415 1227 atque
1429 1150 1541 1211 ancto-

371 1238 470 1305 ritate
493 1240 683 1324 sculpturae
705 1240 808 1305 initiis
837 1240 1039 1324 praefuisse;
1061 1242 1172 1307 omnis
1196 1242 1282 1308 ratio
1297 1244 1378 1308 artis
1393 1263 1431 1308 ac
1446 1242 1538 1309 disci·

371 1336 463 1421 plina
477 1339 572 1421 quasi
587 1338 628 1403 ab
642 1338 806 1421 exemplis
820 1336 958 1421 Dipoeni
972 1336 1194 1424 Scyliidisque
1209 1340 1355 1423 pendere
1370 1342 1423 1425 (t).

411 1434 481 1518 ligo
495 1434 629 1514 vero,iu
643 1454 813 1502 marmore
827 1437 946 1502 saltem
956 1436 1147 1521 sculpendo,
1158 1438 1246 1504 Chiis
1257 1439 1400 1504 libenter
1410 1438 1536 1522 primus

371 1534 604 1611 concesserim,
618 1536 675 1617 qni
689 1538 797 1600 artem
824 1534 865 1599 ab
887 1536 969 1618 ipsis
996 1536 1171 1602 inventam
1196 1538 1323 1603 tamdiu
1342 1556 1535 1618 exercuere,

370 1638 404 1697 et
417 1632 610 1698 admiranda
624 1651 726 1715 opera
746 1634 920 1697 eiilnxare.
946 1632 1030 1697 Nam
1044 1632 1213 1717 Dipoenus
1228 1640 1259 1700 ei
1275 1633 1405 1718 Scyllis,
1435 1640 1473 1699 ut
1488 1634 1540 1697 ia-

370 1730 491 1795 cuitate
504 1730 739 1813 praestiterint,
757 1748 824 1795 non
843 1746 1013 1797 marmore
1032 1734 1249 1815 praecipuam
1264 1732 1402 1798 laudem
1421 1750 1541 1798 conse-

371 1828 439 1893 cuti
453 1834 532 1893 sunt
544 1849 551 1902 ;
565 1828 623 1893 sed
637 1834 671 1893 ot
684 1828 745 1911 ipsi
756 1834 790 1893 et
802 1830 871 1911 qui,
888 1828 929 1893 ab
943 1830 1010 1894 iliis
1024 1831 1142 1908 edocti,
1155 1831 1266 1912 Argis,
1279 1830 1431 1914 Sicyone,
1445 1830 1542 1913 Spar·

371 1933 466 1992 taeve
482 1926 679 2001 tinnierunt,
695 1925 828 2007 lignum
837 1926 1056 1993 metaliumue
1069 1928 1217 1993 maxime
1231 1933 1470 2005 tractaverunt,
1482 1932 1542 1992 eut

373 2024 694 2109 chryselephantine,
711 2043 797 2107 quae
823 2024 953 2100 dicitur,
981 2028 1141 2091 statuaria
1157 2026 1321 2091 nobilitati
1342 2032 1432 2091 sunt.
1451 2024 1537 2101 Jam,

372 2125 460 2209 quod
475 2121 564 2207 apud
578 2122 722 2188 Plinium
733 2122 890 2189 Chiorum
905 2125 1031 2189 mentio
1051 2124 1163 2208 inepte
1188 2124 1268 2189 satis
1291 2124 1464 2207 obiterque
1486 2123 1538 2187 in·

371 2223 458 2300 cidit,
471 2222 567 2287 valde
581 2218 665 2285 mihi
675 2220 781 2303 placet
795 2218 934 2286 Brnnnii
946 2220 1111 2286 sententia
1120 2220 1172 2305 (Ξ),
1181 2220 1323 2286 nonhoc
1332 2225 1539 2303 contemptu,

370 2317 429 2386 sed
450 2318 641 2400 ignorantie
661 2318 786 2383 iactum
797 2338 804 2383 :
816 2316 962 2383 Plinium
980 2317 1113 2395 scilicet,
1128 2322 1308 2403 postquam
1327 2318 1451 2382 librum
1466 2320 1539 2401 jam

369 2420 613 2499 composuerat,
637 2416 733 2480 novis
755 2414 966 2481 admonitum
997 2415 1199 2492 auctoribus,
1222 2414 1346 2480 omissa
1372 2415 1465 2497 prius
1482 2433 1538 2479 no·

368 2516 472 2593 mina,
493 2518 530 2580 ut
553 2514 671 2597 potnit,
694 2514 888 2581 inseruisse.
915 2513 990 2579 iam
1006 2531 1097 2586 vero,
1121 2530 1163 2578 ex
1191 2514 1273 2597 ipsis
1300 2512 1399 2578 Plinii
1428 2514 1539 2579 verbis

369 2612 587 2678 manifestum
601 2610 774 2695 estqnanti
788 2618 862 2677 tum
876 2612 962 2677 iacta
973 2612 1041 2676 sint
1059 2610 1217 2676 Chlomm
1240 2629 1352 2694 opera.
1371 2612 1487 2695 ltaque
1502 2612 1538 2675 in

371 2712 434 2777 hac
454 2710 668 2794 potissimum
686 2710 858 2793 disciplina
881 2728 924 2774 ex
947 2710 1040 2774 omni
1055 2708 1189 2775 Graecia
1208 2708 1355 2774 insulani
1377 2708 1534 2774 videntur

373 2808 567 2885 eminuisse,
590 2808 823 2872 insulanorum
845 2814 960 2872 autem
981 2806 1050 2872 Chii
1069 2807 1312 2885 excelluerunt,
1328 2825 1348 2872 a
1366 2806 1537 2891 principiis

372 2906 503 2972 artised
514 2910 647 2970 sextum
661 2924 768 2989 usque
783 2907 968 2971 saeculum.

413 3004 505 3070 Tunc
518 3002 617 3069 Delus
626 3002 848 3068 interinsnlas
863 3022 901 3068 ac
915 3004 1064 3069 civitates
1077 3018 1299 3087 omnesquae
1308 3002 1395 3068 mari
1405 3002 1537 3085 Aegaeo

372 3101 556 3182 alluuntnr,
573 3118 665 3166 sacra
679 3101 823 3185 quadam
836 3100 1038 3183 hegemonio
1051 3101 1297 3178 dominabatur,
1320 3100 1433 3167 divina
1451 3100 1538 3167 dicta

370 3200 480 3279 tellus,
496 3198 642 3283 Apollini
655 3204 732 3263 ante
746 3213 864 3264 omnes
889 3204 995 3281 grata,
1012 3197 1245 3281 antiquissime
1259 3198 1438 3264 bominum
1458 3198 1537 3263 reli·

370 3296 469 3383 gione
482 3297 580 3372 culta,
598 3311 777 3362 commune
792 3296 994 3362 Graecorum
1008 3296 1175 3379 templum
1188 3300 1222 3361 et
1234 3298 1424 3361 communis
1446 3313 1537 3361 mer-

371 3402 475 3461 catus.
502 3396 616 3477 itaque
643 3394 722 3459 illuc
744 3394 923 3461 convenire
943 3395 1031 3458 canit
1050 3399 1166 3458 auctor
1185 3394 1313 3478 hymni,
1332 3394 1390 3478 qui
1404 3392 1535 3477 dicitnr,

370 3492 532 3559 homerici
559 3494 603 3576 (3)
624 3492 724 3557 Ionas
746 3508 864 3556 omnes
888 3510 965 3557 cum
984 3491 1097 3557 liberis
1119 3494 1355 3575 uxoribusque,
1381 3496 1415 3556 et
1434 3492 1536 3556 deum

371 3599 481 3671 cantu,
498 3589 636 3666 choreis,
654 3590 902 3664 certaminibus,
925 3590 1027 3653 sacris
1047 3590 1174 3668 colere;
1199 3590 1258 3674 qui
1277 3596 1311 3655 et
1330 3606 1431 3655 nares
1446 3606 1534 3654 mer·

371 3691 464 3755 cibus
479 3706 599 3770 graves
614 3688 780 3770 praedicat
793 3692 826 3752 et
853 3687 985 3751 divitim
1009 3687 1157 3770 undique
1184 3689 1400 3753 confluentes.
1421 3686 1536 3769 Neque

371 3806 452 3854 vero
480 3787 576 3851 lones
599 3785 710 3849 soium
740 3784 887 3867 Apollini
910 3781 1002 3849 Delio
1026 3784 1158 3859 addicti,
1173 3785 1231 3851 sed
1249 3802 1368 3850 omnes
1381 3783 1536 3850 Graeciae

371 3886 497 3969 populi.
517 3884 633 3949 Delum
648 3883 700 3947 vei
722 3882 854 3947 barbari
868 3883 1108 3947 reverebantur
1125 3888 1159 3948 et
1179 3879 1310 3957 Persae,
1326 3877 1535 3948 infestissimi

369 3982 419 4048 illi
447 3982 652 4064 templorum
674 3996 873 4061 graecorum
898 3996 1083 4056 eversores,
1099 3986 1175 4046 ture
1196 3977 1360 4065 donisque
1389 3972 1536 4063 Apollini

370 4086 450 4146 sunt
476 4078 652 4162 &euticeti
677 4077 735 4161 (l),
766 4094 836 4154 seu,
864 4082 904 4141 nt
929 4074 1081 4161 plerique
1109 4078 1334 4159 conjecerunt,
1352 4083 1535 4160 cognatum

408 4294 452 4422 qt).
475 4296 516 4351 De
544 4291 666 4365 Dipoeni
694 4294 724 4347 et
755 4290 885 4365 Scyllidis
911 4292 1046 4365 operibus
1074 4291 1288 4367 discipulisque,
1313 4308 1341 4349 r.
1372 4288 1532 4361 Orerbeck,

373 4370 408 4428 ⁸⁰
419 4360 739 4516 iiiiiiffiiiiaae
751 4432 800 4489 cer
815 4449 857 4516 aa
872 4436 995 4504 uomit,
1011 4452 1031 4503 ι,
1047 4451 1075 4508 p.
1090 4436 1137 4492 aa.

421 4512 436 4565 3
465 4510 567 4579 hymn.
584 4506 695 4561 homer.
709 4521 739 4560 rn
753 4506 878 4633 Aqolirn.
892 4506 967 4579 Dei,
981 4508 1032 4563 rte
1043 4523 1108 4579 sqq.

419 4580 447 4654 4)
467 4576 614 4647 herodot,
628 4592 667 4646 vr,
681 4578 765 4646 96-7,
803 4576 851 4633 uit.
867 4578 901 4633 dr
914 4578 990 4635 Gerr.
1010 4578 1167 4651 beianum,
1187 4589 1218 4651 p.
1232 4572 1293 4637 rot.
