3534 5617
905 666 1075 735 ..18-

391 826 527 910 plurimi
540 829 650 904 orbes,
674 847 694 893 a
715 829 837 894 vertice
851 828 1019 913 descripti,
1036 846 1169 894 comam
1188 828 1362 913 diuidunt3
1377 828 1426 893 ita
1438 831 1476 892 ut
1490 831 1565 891 tum

390 924 604 1001 intumescat,
636 931 711 990 tum
737 925 875 991 desidat.
907 927 1048 992 Additus
1074 927 1177 991 etiam
1197 925 1363 991 marmori
1386 924 1569 989 colorasse

398 1020 530 1087 videtur
552 1042 560 1087 r
579 1026 675 1105 cujus
693 1023 836 1105 vestigia
849 1024 886 1087 in
906 1023 1064 1089 interiore
1087 1023 1200 1087 tunica
1213 1023 1354 1103 agnovit
1368 1020 1568 1089 Furtwaen·

401 1118 476 1199 glor
490 1120 541 1201 (t),
558 1138 726 1204 memque
747 1120 869 1186 intuta
881 1125 976 1186 vaste
997 1121 1185 1187 adhibitum
1206 1120 1313 1186 tuisse
1337 1138 1379 1185 ex
1403 1136 1568 1186 vasorum

401 1217 565 1301 exemplis
589 1219 785 1285 crediderim
801 1240 809 1285 ε
825 1220 888 1285 hoc
909 1221 1082 1287 distinctae
1096 1221 1240 1285 amictus
1264 1221 1418 1286 diversae
1440 1224 1565 1302 partes,

403 1319 437 1380 et
452 1334 546 1392 zona,
562 1321 597 1382 et
607 1318 721 1383 clavus
734 1336 801 1402 quo
815 1319 928 1385 tunica
946 1324 1118 1402 praetexta
1130 1324 1213 1395 erat,
1239 1317 1413 1401 sejunctus
1430 1316 1569 1383 etiama

403 1431 542 1497 corpore
556 1415 719 1493 amictus;
745 1416 819 1494 hoe,
848 1424 888 1481 ut
907 1418 1039 1501 opinor,
1063 1417 1158 1482 tincti
1178 1416 1301 1499 capilli,
1324 1435 1364 1482 os
1388 1422 1423 1482 et
1440 1416 1571 1482 lumina

402 1511 565 1577 viridiora
578 1513 677 1578 iacta.
697 1512 797 1595 Gujm
823 1515 890 1579 nisi
909 1516 994 1579 ratio
1014 1514 1204 1591 haberetur,
1230 1533 1341 1597 neque
1365 1514 1407 1581 de
1434 1512 1570 1579 artificis

400 1608 558 1676 facultate
571 1630 609 1677 ac
623 1612 795 1693 diligentia
808 1618 940 1680 rectum
952 1615 1049 1679 fleret
1061 1612 1235 1695 judicium,
1247 1630 1358 1697 neque
1371 1610 1570 1694 veraoperis

401 1707 530 1773 indoles
544 1709 800 1792 intelligeretur.

440 1803 597 1890 Numqui
611 1808 760 1873 studium
776 1808 1007 1892 adipiscendae
1017 1808 1169 1875 veritatis
1182 1808 1218 1873 in
1232 1808 1376 1889 singulis
1390 1825 1568 1892 perspexe-

400 1903 453 1979 rit,
471 1904 526 1968 ille
540 1905 692 1989 leporem
706 1908 888 1991 quamdam
901 1913 972 1973 tam
981 1906 1125 1989 simplici
1135 1906 1314 1973 simulacro
1333 1907 1485 1974 intusum
1494 1924 1569 1988 per·

400 2001 508 2083 cipiet,
525 2006 557 2067 et
574 2022 643 2069 non
658 2004 730 2071 sina
745 2006 918 2091 voluptate
930 2006 1133 2090 praesentiat
1145 2005 1397 2088 vivamingenii
1410 2005 1569 2071 mineum

400 2098 541 2164 materie
554 2103 824 2169 contendentem.

440 2191 515 2258 tam
528 2215 620 2275 vero,
637 2198 664 2262 si
679 2199 789 2282 operis
800 2218 970 2265 summam
984 2200 1179 2282 complexus
1189 2199 1262 2279 erit,
1279 2217 1348 2265 non
1362 2198 1569 2265 inconditum

401 2291 500 2373 plane
514 2312 635 2379 cerpus
648 2304 683 2363 at
694 2298 932 2365 inconcinnum
953 2299 1207 2374 animadvertet,
1225 2298 1285 2364 sed
1300 2299 1413 2380 justae
1437 2297 1585 2363 cuidam'

402 2391 550 2473 partium
564 2412 743 2463 mensures
758 2416 797 2463 sc
810 2398 967 2463 divisioni
979 2398 1087 2463 terme
1101 2397 1249 2463 vicinum
1263 2397 1319 2480 (2).

440 2489 497 2559 lli.
518 2490 607 2574 (Tan.
623 2493 677 2577 ll).
694 2494 777 2563 linio
804 2496 984 2562 simulacro
1008 2495 1194 2561 finitimum
1216 2496 1460 2575 fragmentum,
1475 2490 1567 2575 quod

402 2590 565 2672 proxime,
590 2594 689 2675 iuxta
712 2594 931 2661 meridionale
953 2594 1071 2676 templi
1094 2593 1118 2660 Β
1142 2592 1413 2673 tundamentum,
1440 2591 1569 2659 invenit

401 2684 565 2755 Hauvette
588 2695 622 2755 et
649 2708 783 2757 mecum
801 2692 908 2757 amice
931 2691 1202 2757 communicavit.
1227 2690 1292 2757 Sed
1309 2689 1461 2774 quaestio
1481 2689 1568 2754 inter

400 2802 459 2851 eos
483 2792 557 2853 orta
581 2792 643 2869 eat,
672 2788 794 2872 quibus
817 2790 909 2854 illius
932 2788 1131 2872 inspiciendi
1154 2788 1219 2852 luit
1239 2788 1347 2871 copia,
1370 2787 1439 2853 utri
1473 2785 1569 2853 sexui

400 2889 489 2949 esset
506 2884 774 2968 adjudicandum.
798 2887 836 2951 ln
850 2888 980 2953 schedis
1002 2887 1170 2953 Hauvettii
1184 2887 1331 2963 invenio,
1355 2906 1442 2970 quae
1455 2902 1570 2954 coram

398 2984 509 3045 statua
533 2983 738 3068 conscriptae
761 2989 853 3062 aunt,
876 2991 993 3069 pectus
1011 2985 1157 3051 feminae
1183 2985 1282 3068 plane
1307 2985 1499 3065 convenire,
1536 2994 1570 3049 at

396 3079 518 3147 iisdem
532 3083 641 3149 verbis
664 3084 771 3149 utitur
786 3083 1039 3165 Furtwaengler
1052 3085 1099 3168 (3)
1121 3107 1130 3149 :
1148 3103 1294 3169 quorum
1308 3084 1493 3151 sententiae
1508 3082 1570 3149 Ga·

400 3179 514 3245 vedias
527 3181 761 3265 adstipulatur,
772 3184 829 3266 qui
837 3182 908 3248 Iteli
917 3182 1085 3249 Hauvettil
1096 3184 1160 3249 fuit
1169 3202 1293 3249 comes.
1305 3183 1445 3250 Virilem
1454 3187 1569 3248 tantm

401 3278 550 3358 elflglam
564 3298 637 3345 esse
652 3286 686 3345 et
699 3280 843 3345 Rainach
856 3281 1048 3357 arbitratur,
1065 3286 1099 3347 et
1111 3300 1303 3365 anonymus
1318 3281 1499 3348 Britannus
1510 3280 1568 3365 qui

402 3374 591 3442 ldartinellii
617 3378 808 3461 catalogum
822 3379 961 3459 digessit
975 3380 1031 3462 (t),
1041 3385 1085 3455 et,
1104 3383 1187 3445 teste
1201 3379 1390 3455 Hauvettio,
1407 3378 1566 3462 Purgold.

442 3474 521 3539 Mihi
538 3494 631 3557 vere,
647 3495 724 3543 eum
738 3478 781 3541 sit
794 3477 829 3542 in
842 3478 1070 3544 controversia
1088 3478 1346 3556 decernendum,
1367 3481 1487 3559 ignota
1500 3483 1569 3542 sta·

402 3576 472 3647 tua,
496 3571 592 3639 nulla
613 3576 678 3641 alie
704 3581 837 3658 praesto
858 3580 939 3640 aunt
960 3575 1166 3657 adiumenta,
1195 3575 1262 3640 nisi
1284 3576 1453 3656 imagines
1477 3575 1565 3652 duo3

402 3689 547 3757 quarum
569 3689 674 3739 unam
697 3674 778 3756 (tab.
806 3672 846 3749 lt,
872 3676 901 3756 3)
916 3672 1063 3739 lleinach
1083 3672 1307 3749 adumbravit,
1321 3673 1464 3739 alteram
1479 3670 1561 3736 tlar-

401 3770 504 3835 tinelli
537 3770 801 3854 photographiae
839 3788 915 3854 ope,
953 3770 997 3836 ad
1035 3788 1194 3855 gypsum,
1225 3770 1371 3853 pessime
1401 3768 1566 3855 expressit

434 3930 473 4005 (Ι)
492 3933 578 3991 Arci.
595 3934 677 4000 Zeti,
696 3934 775 4000 test,
785 3948 818 4060 K.
836 3934 907 4017 322:
923 3954 939 3983 α
954 3933 1018 4015 lien
1032 3932 1190 4012 erkennt...
1206 3932 1272 3988 dass
1282 3930 1410 4015 cuidem
1420 3928 1563 3987 Gevandc

398 4004 551 4060 unterhath
570 4004 743 4061 desGttrtels
757 4008 783 4059 7-
822 4006 916 4061 breite
930 4005 1108 4061 horizontate
1130 4000 1385 4061 Haanderstrerien
1404 4002 1563 4076 autgemalt

396 4090 560 4219 vlrilntlille
576 4162 650 4220 quae
664 4146 694 4203 in
704 4145 802 4203 libello
820 4148 906 4205 Ucicr
918 4148 1103 4205 tritoniacltcn
1117 4147 1178 4216 sept
1190 4148 1287 4203 Brunn
1305 4144 1459 4215 subtiliter,
1474 4147 1506 4201 nt
1516 4158 1563 4199 so·

396 4217 448 4284 let,
462 4221 674 4275 commentatus
696 4221 751 4276 est.
775 4220 846 4275 Cum
869 4236 940 4292 opus
958 4220 1021 4291 ejus
1039 4220 1070 4275 in
1095 4235 1198 4275 marrus
1219 4219 1360 4291 pervenit,
1383 4232 1484 4275 meum
1500 4216 1562 4289 jam

397 4290 589 4363 conscriptum
606 4290 669 4360 tuit,
686 4290 736 4346 sed
752 4294 849 4347 tamen
864 4308 898 4346 er
912 4290 969 4347 hoc
980 4290 1136 4346 utilitatem
1147 4289 1230 4345 licuit
1243 4291 1402 4363 percipere.

433 4360 471 4433 (at
493 4362 571 4418 nllin
587 4363 778 4435 Oberlr'o'rper,
795 4363 870 4419 ohne
880 4363 964 4437 ttopt,
979 4362 1106 4419 deutlich
1117 4360 1258 4417 weiblioh.
1271 4383 1286 4413 a
1297 4362 1386 4427 (Arci.
1399 4362 1467 4432 zet,
1482 4359 1562 4426 1888,

398 4432 652 4576 ρ’(ῗῗῇζΐάῑείοηαὶ
674 4506 816 4577 cotolopue
836 4507 958 4576 escuris
977 4506 1009 4561 iu
1031 4520 1158 4577 gypsum,
1181 4504 1216 4574 by
1228 4504 1299 4575 Nop.
1315 4502 1477 4572 llurtiaeitt,
1492 4499 1554 4565 888,

398 4574 459 4632 The
467 4592 560 4651 uppsr
571 4577 688 4650 portion
702 4576 734 4635 ol
745 4594 764 4634 a
777 4578 871 4635 steine
880 4575 1024 4651 supposed
1036 4580 1067 4635 to
1077 4578 1229 4651 represent
1244 4575 1359 4649 Apollo.
