3534 5617
703 676 870 743 ..gp-

198 837 284 903 viles
299 843 333 902 et
347 838 470 921 populo
485 837 765 913 accommodatae,
777 854 838 901 seu
851 835 990 900 metallo
1004 836 1168 918 pretiosae
1179 834 1373 918 etprincipi-

197 934 263 999 bus
283 934 465 1001 destinatae
490 937 638 1000 luerunt.
666 934 730 1000 Res
750 934 898 999 maxime
924 933 1142 1004 necessariae,
1168 932 1369 1007 adiiciam,

198 1034 372 1109 amictum,
392 1033 633 1116 supellectilem
656 1034 872 1116 pertinentes.
901 1029 1198 1113 comportabantur
1211 1030 1266 1111 (l).
1283 1028 1371 1105 Quo·

199 1131 287 1195 circa
301 1130 455 1213 exempla
470 1149 509 1195 ea
530 1131 720 1207 doluerunt,
736 1150 821 1214 quae
844 1130 985 1195 describi
1008 1128 1148 1193 omnino
1172 1126 1370 1210 potuissent,

201 1229 411 1311 sculptorum
439 1228 628 1293 libertatem
650 1229 897 1312 oppressissent
910 1247 917 1289 ε
930 1227 989 1291 sed
1008 1226 1264 1309 peregrinorum
1290 1242 1372 1306 opo·

197 1345 287 1401 rum,
304 1346 390 1411 quae
403 1327 636 1409 suppetebant,
652 1331 820 1403 materies,
838 1326 1037 1408 amplitudo,
1053 1343 1175 1405 genus,
1190 1324 1369 1387 artillcium

200 1423 267 1488 alia
287 1424 391 1502 luere,
403 1424 468 1488 alia
479 1443 678 1507 graecorum
689 1426 967 1499 simulacrorum
984 1424 1078 1488 luere
1098 1423 1202 1504 igitur
1216 1422 1370 1505 exempla

201 1520 421 1595 immutanda,
442 1522 684 1601 transferenda,
701 1520 982 1586 accommodanda
997 1522 1051 1603 (ἓ).

241 1616 367 1683 Eodem
383 1618 510 1684 larebat
523 1620 651 1684 indoles
666 1622 828 1703 cujusque
842 1619 924 1683 artis
938 1626 972 1683 et
985 1625 1103 1683 natura
1119 1635 1272 1700 operum,
1284 1634 1370 1697 quae

201 1716 264 1779 luit
280 1718 539 1801 populocuique
553 1720 701 1783 maxime
723 1724 865 1801 accepta.
895 1716 980 1782 Nam
1009 1723 1137 1781 statuas
1161 1716 1291 1797 Assyrii
1314 1717 1371 1780 vix

118 1876 130 1901 ,
203 1814 397 1893 effecerunt,
415 1818 597 1899 anaglypta
611 1818 858 1900 praetulerunt;
882 1817 997 1881 Asiani
1021 1816 1134 1879 vivam
1155 1814 1370 1898 potissimum

197 1930 318 1995 rupem
332 1912 540 1995 scalpebant;
559 1913 739 1979 Phoenices
750 1915 880 1997 opillcio
893 1914 1003 1995 magis
1014 1930 1115 1995 quam
1127 1919 1199 1976 arte
1210 1919 1243 1975 et
1258 1912 1368 1993 sculp-

200 2016 275 2073 tura
289 2011 478 2093 pollebant:
495 2030 552 2075 aes
569 2012 946 2095 imprimissuhigebant
959 2045 998 2059 -
1008 2010 1160 2075 estenim
1172 2008 1274 2074 Sidon
1285 2010 1370 2073 dicta

201 2114 411 2191 scalpatur,
423 2110 557 2190 lignum
567 2116 600 2173 et
610 2110 766 2190 argillam
775 2110 998 2193 magisquam
1010 2108 1155 2190 lapidem
1172 2107 1366 2179 tractabant,

201 2222 351 2270 marmor
367 2208 505 2272 omnino
521 2208 759 2289 neglexerunt;
772 2210 843 2289 jam
858 2208 999 2272 inomni
1014 2223 1138 2287 genere
1152 2205 1367 2288 supellectilis

202 2303 442 2383 excelluerunt,
458 2325 578 2387 paucas
593 2312 720 2370 statuas
736 2308 918 2371 llnxerunt.
943 2305 981 2369 ln
994 2305 1148 2387 Aegypto
1166 2322 1244 2368 cum
1262 2305 1369 2368 abun·

202 2400 319 2465 darent
336 2402 524 2479 simulacra,
542 2422 592 2480 ea,
608 2410 668 2468 aut
691 2402 837 2487 pondere
859 2403 1083 2477 incommoda,
1097 2409 1156 2466 out
1170 2403 1266 2466 vultu
1293 2420 1367 2466 ves-

201 2500 331 2581 titoque
345 2500 485 2577 diversa,
502 2507 561 2566 aut
576 2502 686 2567 'aliam
711 2502 884 2584 religionis
907 2501 1115 2585 disciplinam
1138 2508 1261 2576 secuta,
1287 2500 1368 2565 loris

201 2596 314 2661 minus
330 2599 499 2664 venibant.

239 2694 308 2759 lloc
333 2695 435 2760 etiam
467 2698 608 2763 libertati
638 2717 838 2780 graecorum
863 2700 1029 2763 artillcum
1055 2700 1146 2770 lavit,
1170 2698 1258 2781 quod
1288 2717 1366 2762 cum

201 2790 419 2858 Phoenicibus
440 2796 638 2880 Asianisque
660 2798 874 2880 potissimum
900 2816 974 2861 rem
991 2796 1191 2870 hahuerunt,
1222 2796 1302 2859 artis
1325 2797 1367 2859 ab

199 2890 326 2972 assyria
340 2898 373 2956 et
387 2894 542 2977 aegyptia
568 2895 714 2959 deflexae
737 2896 922 2980 mistaeque
949 2896 1143 2977 exemplum
1163 2894 1250 2957 nacti
1274 2899 1362 2966 sunt,

199 3006 267 3051 non
282 2991 366 3071 ejus,
384 3009 469 3074 quae
490 2993 654 3074 singulari
680 2994 869 3057 charactere
883 2993 1061 3074 ingenium
1084 2997 1235 3057 moveret
1265 2992 1364 3055 illud·

200 3088 317 3170 quevi,
335 3096 372 3153 ut
385 3091 430 3154 ita
444 3090 562 3167 dicam,
579 3092 759 3173 imperiosa
775 3092 937 3156 domaret.

238 3185 352 3269 Neque
373 3188 435 3269 ipsi
455 3189 567 3254 Graeci
592 3192 627 3253 in
652 3191 864 3255 inlormanda
894 3190 1065 3273 sculpendi
1087 3196 1159 3256 arte
1179 3190 1367 3273 peregrinis

199 3284 346 3349 multum
360 3287 555 3352 tribuerunt.
574 3287 793 3371 Philosophus
809 3289 900 3352 enirn
915 3296 950 3353 et
962 3289 1212 3369 legumlatores
1228 3289 1366 3373 Aegyp·

201 3386 273 3444 tum
286 3382 442 3447 invisisse
456 3386 579 3460 lerunt,
591 3404 659 3449 non
673 3405 754 3449 vero
773 3388 926 3463 artillces,
946 3387 974 3449 si
989 3386 1119 3450 fabulas
1132 3406 1153 3449 a
1166 3386 1307 3451 Diodoro
1322 3388 1366 3469 (3)

201 3480 352 3545 collectas
370 3485 538 3565 exceperis
553 3484 622 3567 (qui
638 3486 772 3569 quidem
787 3504 855 3549 non
874 3485 1075 3550 Graecorum
1090 3486 1293 3569 opinionem,
1309 3486 1367 3551 sed

200 3580 435 3662 aegyptiorum
452 3583 664 3647 sacerdotum
679 3584 880 3648 sententiam
895 3584 1033 3667 retulit).
1050 3584 1117 3649 Nisi
1133 3585 1221 3667 apud
1246 3584 1367 3649 [liodo-

200 3694 277 3741 rum
305 3678 572 3765 Pausaniamque
587 3682 642 3765 (t),
672 3700 741 3746 non
760 3682 913 3747 invenias
936 3691 1042 3747 artem
1068 3702 1108 3747 ex
1123 3684 1277 3769 Aegypto
1291 3702 1365 3749 ma·

235 3929 272 4003 (l)
291 3930 373 3987 Haud
386 3930 527 3988 absonum
543 3936 584 3988 est
606 3932 715 3989 relarrs
733 3933 929 3991 imitationem
953 3934 983 3990 ia
997 3935 1082 3991 rebus
1106 3935 1142 3991 ad
1160 3933 1368 4008 supellectilem

200 4002 414 4075 pertinentibus
432 4004 558 4059 maxime
578 4002 769 4077 deprehendi,
792 4006 823 4061 iu
847 4008 992 4080 sculptura
1012 4007 1192 4080 potissimum
1216 4006 1368 4063 obscuram

199 4090 273 4217 Ἥ
291 4148 391 4217 ltaque
407 4144 582 4201 crediderim
593 4145 622 4201 in
635 4148 689 4203 hoc
704 4164 813 4221 genere
825 4150 901 4205 hanc
913 4166 1010 4206 reram
1024 4166 1084 4205 esse
1107 4148 1282 4204 sententiam
1297 4164 1304 4203 :
1318 4149 1371 4204 Les

199 4217 443 4343 Grqceslesreqorent
470 4218 520 4273 des
551 4220 702 4290 strangers
729 4220 779 4277 des
804 4224 983 4293 suggestions,
1013 4223 1076 4294 plus
1102 4236 1207 4277 encore
1240 4236 1296 4293 quc
1320 4219 1371 4275 des

196 4304 271 4431 molit)
293 4329 374 4442 iliad.
401 4360 469 4429 Sic,
495 4379 514 4429 r,
533 4363 566 4416 et
592 4378 598 4417 :
625 4365 778 4435 praeterea
803 4363 1017 4420 recentissimus
1046 4367 1089 4420 est
1116 4366 1227 4432 auctor,
1251 4362 1371 4433 Augusti

198 4431 342 4573 aeqqaqqi
355 4501 474 4575 quidem
492 4502 629 4559 lladrisni
645 4507 739 4561 aetate
751 4505 873 4579 scripsit,
890 4522 947 4579 qua
966 4506 1145 4563 consuetudo
1163 4504 1199 4561 ad
1214 4504 1371 4577 ltcgyplio-

198 4589 261 4629 rum
279 4572 473 4630 imitationem
488 4578 531 4631 est
543 4591 690 4633 conversa.
