3534 5617
706 662 872 728 -77..

178 825 295 907 gillam
309 829 367 889 aut
381 842 438 889 aes
455 825 650 903 tractabant,
666 826 839 891 laborandi
854 824 1090 889 commoditate
1103 822 1246 887 adducti.
1263 820 1348 885 Nam

177 924 259 987 haee
279 923 437 986 facillima
459 922 575 1003 ligulis
590 941 663 987 sese
678 924 798 987 obtulit
812 924 908 997 ratio,
928 928 1104 987 ulterram
1119 920 1274 985 manibus
1291 924 1350 982 aut

177 1019 342 1084 volvendo
356 1020 391 1082 iu
404 1019 587 1083 rotundum
602 1020 898 1101 circumducerent,
910 1026 968 1084 aut
978 1019 1161 1103 premendo
1171 1018 1349 1081 dilatarent

178 1122 483 1200 attenuareutque:
514 1118 561 1182 sic
586 1118 776 1182 llebautea
803 1136 890 1200 quoe
917 1118 1065 1182 solemus
1093 1116 1262 1198 appellare
1291 1120 1350 1177 aut

183 1223 390 1298 imoqucttes
417 1216 537 1279 rondes
553 1238 568 1277 »
584 1221 643 1280 aut
668 1238 682 1275 o
698 1224 878 1298 maquettes
904 1216 1037 1297 plateae
1058 1215 1111 1295 (1).
1136 1213 1249 1277 Ainea
1268 1229 1349 1274 vero

178 1312 289 1395 sigilla
311 1319 408 1377 aute
435 1314 500 1378 lllis
526 1332 564 1378 ao
590 1314 719 1393 regulis
742 1313 920 1378 ductilibus
947 1318 1098 1377 contorta
1122 1328 1205 1384 esse,
1231 1315 1289 1373 aut
1314 1308 1350 1371 in

178 1412 319 1476 bracteis
334 1412 409 1494 plus
422 1413 579 1477 minusve
592 1411 712 1475 crassis
723 1414 854 1475 concisa
869 1412 1063 1495 saepissimo
1077 1410 1233 1475 videntur
1242 1408 1293 1489 (t).

217 1508 304 1586 lam,
321 1511 349 1575 si
378 1511 512 1593 singula
540 1510 752 1594 spectamus,
777 1510 928 1575 invenies
950 1510 992 1574 ad
1022 1509 1192 1573 humanae
1218 1507 1349 1587 figurae

176 1627 293 1674 veram
304 1610 526 1675 imitationem
540 1608 703 1692 paulatim
717 1628 755 1673 ae
777 1609 871 1673 tarde
885 1614 1024 1674 ventum
1040 1626 1125 1672 esse.
1146 1604 1230 1669 Nam
1255 1604 1349 1668 initio

181 1714 282 1791 caput
295 1709 406 1772 solum
421 1709 644 1788 effingebant;
660 1707 809 1790 eorporis
824 1712 1025 1771 structuram
1041 1723 1108 1769 non
1122 1703 1347 1778 attendebant,

179 1806 458 1889 quodquadratae
475 1812 532 1871 aut
547 1806 643 1871 tereti
657 1807 727 1871 basi
739 1806 950 1869 simillimum
960 1802 1349 1880 luit3membrorumoon

178 1905 345 1969 rationem
360 1904 535 1978 habebant,
554 1903 696 1967 brachiis
712 1904 917 1986 pedibusque
945 1902 1091 1965 omissis.
1108 1901 1211 1984 Caput
1236 1898 1349 1981 ipsum

179 2010 335 2069 enatura
348 2003 545 2084 longissime
557 2003 766 2075 abhorrebat,
784 2020 844 2065 seu
867 2000 983 2065 vultus
1004 2001 1142 2065 omnino
1156 1998 1272 2078 obluit,
1289 2016 1348 2061 seu

182 2121 285 2166 nasus
307 2101 397 2165 solus
412 2100 565 2179 eminuit,
581 2100 677 2183 isque
703 2100 924 2182 longissimus
937 2118 974 2162 ac
997 2104 1108 2163 rostro
1133 2115 1201 2161 non
1215 2097 1347 2177 impar;

181 2219 252 2275 seu,
270 2219 351 2265 naso
365 2200 536 2281 oculisque
551 2198 729 2281 expressis,
739 2199 806 2261 oris
819 2198 954 2261 nullum
968 2196 1150 2277 vestigium
1164 2194 1239 2271 luit,
1250 2211 1349 2257 aures

181 2296 347 2361 immanes
362 2298 482 2361 alllxee
497 2302 587 2361 sunt.
605 2297 775 2361 Incondita
788 2295 893 2377 igitur
907 2315 946 2359 ae
959 2295 1058 2377 plane
1081 2294 1220 2358 barbara
1240 2290 1349 2374 specie

181 2394 522 2459 offendimur.lleinde
535 2395 649 2460 vultus
659 2394 836 2459 delineatio
847 2397 959 2459 verior
968 2412 1006 2456 ae
1016 2392 1221 2456 concinnitas
1227 2389 1350 2472 Justior

180 2490 317 2556 inventa
338 2497 398 2565 est,
430 2492 627 2573 capillorum
654 2491 750 2555 effusi
769 2492 804 2554 in
825 2490 998 2566 humeros,
1013 2496 1128 2572 pectus
1149 2496 1350 2569 tergumque

183 2587 327 2651 cincinni
352 2588 569 2671 placuerunt3
599 2588 657 2651 sed
679 2606 800 2671 eorpus
821 2588 998 2653 etiamtum
1018 2588 1210 2668 neglectum
1224 2586 1298 2659 luit,
1317 2585 1350 2646 in

179 2685 282 2749 vestis
295 2685 481 2769 mundique
496 2686 671 2767 elegantiis
696 2704 798 2767 opera
821 2686 985 2769 impensa.
1010 2684 1228 2749 Brachiorum
1242 2682 1349 2753 initia,

181 2788 239 2847 aut
253 2782 451 2847 brevissima
465 2802 504 2847 ae
528 2785 591 2848 sub
607 2788 700 2847 veste
726 2783 875 2855 latentia.
892 2789 951 2847 aut
975 2784 1018 2847 ad
1037 2788 1153 2865 pectus
1177 2798 1348 2855 conversa,

181 2884 240 2943 aut
254 2897 404 2956 sursum,
420 2880 490 2944 lere
506 2880 602 2963 quasi
617 2899 753 2959 cornua,
769 2886 890 2956 erecta,
906 2900 925 2945 e
940 2882 1064 2961 vagina
1079 2879 1242 2963 prodiere.
1259 2876 1351 2941 Tunc

181 2977 284 3041 otiam
299 2978 441 3060 pectoris
456 2978 601 3042 ambitus
616 2997 654 3043 ae
663 2996 897 3043 mammarum
911 2979 1069 3043 circuitus
1096 2977 1266 3053 intumuit,
1284 2994 1350 3057 quo

182 3091 283 3138 sexus
296 3094 334 3138 ac
348 3076 399 3139 vis
414 3076 525 3139 alendi
549 3078 830 3158 significarentur.
857 3076 1050 3141 lliutissime
1073 3076 1221 3159 corporis
1235 3076 1351 3138 iollma

182 3190 271 3254 pars,
288 3191 386 3237 crura
400 3174 567 3259 pedesque
583 3176 646 3240 sub
659 3182 753 3241 veste
769 3177 952 3251 latuerunt,
962 3194 1000 3239 ae
1010 3175 1172 3259 quadrata
1186 3174 1240 3237 vel
1254 3172 1351 3237 tereti

181 3272 305 3351 vagina
319 3273 477 3336 conclusa
491 3280 761 3357 permanserunt.

221 3368 308 3434 Haec
322 3370 458 3452 quidem
474 3371 513 3435 ad
530 3372 643 3453 sigilla
666 3378 830 3469 spectant,
843 3391 930 3456 quae
948 3372 1097 3439 vestibus
1121 3377 1200 3436 sunt
1223 3370 1350 3443 induta,

183 3485 335 3550 quaeque
349 3468 483 3532 deliacis
499 3469 688 3534 simulacris
702 3476 780 3534 sunt
794 3477 957 3552 cognato3
977 3488 1058 3534 nam
1082 3470 1146 3535 luit
1163 3470 1228 3533 alia
1246 3469 1351 3532 nuda-

182 3582 259 3629 rum
273 3566 463 3647 imaginum
484 3568 650 3641 sericam
671 3569 792 3652 quibus
806 3570 960 3634 membra
980 3568 1168 3633 necessario
1191 3572 1271 3631 sunt
1293 3585 1351 3631 ex·

220 3798 256 3872 (l)
276 3798 354 3865 Quae
370 3801 431 3857 fere
447 3800 553 3875 ubique
574 3807 768 3876 provenerunt
782 3820 788 3859 :
801 3804 897 3876 Cypri,
918 3804 948 3859 in
975 3803 1114 3861 interiore
1129 3806 1210 3877 parte
1232 3801 1351 3867 insulae,

184 3870 399 3941 perruperint.
416 3876 461 3928 des
474 3878 520 3944 ηρ.
537 3879 624 3943 antiq.
646 3877 679 3931 de
699 3882 768 3932 terre
781 3879 851 3931 etrite
864 3878 903 3931 du
915 3879 1006 3933 Museo
1020 3879 1058 3932 du
1071 3878 1185 3943 bonore,
1201 3892 1282 3932 num.
1298 3876 1352 3939 t-l,

184 3944 260 4010 5-15,
275 3943 352 3998 tabb.
369 3960 409 4010 ιν,
421 3948 490 4025 5,.6,
503 3962 541 4014 rx,
557 3950 590 4015 '23
604 3963 684 4003 num.
701 3950 794 4015 16-20,
816 3949 912 4015 21-27,
926 3948 985 4004 tab.
1001 3965 1040 4015 rx,
1051 3950 1083 4014 ³3
1109 3947 1184 4015 Citii,
1205 3947 1284 4013 lota,
1307 3950 1352 4015 92,

182 4013 242 4067 tab.
255 4030 293 4079 rx,
304 4018 370 4067 l.—
382 4015 497 4083 Camiri,
513 4018 597 4085 ltin,
609 4034 688 4073 num.
700 4020 795 4088 ‘rt-25,
804 4019 864 4073 tab.
876 4035 937 4087 xru,
949 4022 977 4082 2,
992 4035 1071 4075 num.
1080 4018 1239 4087 marnae.
1252 4034 1310 4084 xur,
1326 4020 1350 4070 l.

217 4083 255 4165 qb)
267 4086 319 4139 llla
339 4086 450 4159 Heuzey
466 4088 506 4143 sie
527 4089 676 4143 describit:
687 4110 701 4139 ι(
712 4089 755 4145 On
768 4104 858 4160 souge
871 4092 888 4143 a
902 4106 949 4144 ces
964 4090 1054 4145 idoles
1068 4090 1106 4145 du
1118 4092 1210 4146 Muste
1221 4090 1351 4154 Kircbcr,

182 4170 229 4235 qur
251 4161 421 4212 conservent
435 4162 463 4213 la
480 4158 573 4214 locine
591 4161 680 4216 eliree
693 4160 778 4215 d'uue
795 4161 902 4230 triogle
916 4159 953 4215 do
968 4163 1065 4215 molal.
1084 4185 1096 4209 ι
1127 4163 1233 4216 llorom
1257 4160 1350 4231 speci-

180 4241 262 4281 mina
277 4230 344 4281 sunt
361 4228 391 4282 in
407 4230 571 4301 Apollinum
586 4231 789 4304 Veneremque
804 4232 889 4295 serie,
905 4247 980 4301 quae
995 4233 1024 4285 in
1039 4233 1133 4287 bloseo
1149 4236 1246 4287 nostro
1261 4248 1353 4285 aseer·

179 4300 263 4352 ratur
280 4300 360 4381 (salle
385 4298 435 4355 des
462 4302 601 4375 Bronzes).
618 4304 666 4358 Vir
678 4302 968 4358 amicissimuslulius
980 4305 1089 4358 Martha
1101 4303 1226 4373 sigillum
1241 4301 1312 4357 vidit
1322 4303 1352 4355 in

180 4368 334 4453 bremensi
345 4370 525 4442 collectione,
539 4374 574 4427 de
591 4391 647 4446 quo
661 4374 734 4429 haee
750 4374 819 4430 mihi
834 4373 992 4430 mandarit.
1004 4396 1018 4424 α
1028 4377 1144 4440 Broaze,
1156 4374 1248 4442 figure
1265 4374 1350 4443 plote.

181 4440 327 4523 Lfourrrer
337 4442 413 4498 avait
425 4444 552 4515 ddcoupe
563 4446 591 4500 la
605 4446 703 4500 leuille
719 4445 755 4500 de
771 4446 876 4500 bronze
891 4461 964 4515 pour
975 4445 1143 4517 reproduire
1157 4446 1183 4498 le
1199 4448 1279 4514 gesto
1292 4449 1352 4499 tra-

182 4509 324 4638 drtqqroel
332 4514 376 4640 lqle
390 4516 422 4639 ΙιιΙ
432 4516 511 4641 ιιιὲἰιι
526 4516 638 4585 gaucbe
652 4518 782 4572 relevant
796 4516 823 4571 la
833 4516 913 4571 robe.
930 4519 950 4573 ll
966 4516 1108 4588 adegage
1121 4518 1150 4571 le
1160 4516 1227 4572 bras
1240 4532 1275 4571 en
1289 4515 1354 4571 lais·

182 4599 232 4638 san
269 4600 329 4640 aro
352 4600 537 4642 arsere.»
