3534 5617
725 684 901 751 ..17-

218 848 350 913 dentur.
367 848 472 932 Caput
483 867 576 926 vero,
591 852 630 913 ut
644 866 758 914 comae
769 848 1013 915 luxurialetius
1026 850 1062 913 in
1075 849 1236 913 humeros
1246 847 1385 913 diffusae

218 948 406 1028 gravidum,
421 948 469 1011 ita
488 947 652 1013 calvariae
676 954 709 1012 et
737 948 804 1012 oris
825 949 1025 1031 praesertim
1049 947 1212 1031 parvitate
1231 944 1387 1011 tenuissi-

218 1064 326 1111 mum.
343 1045 387 1112 lle
401 1046 626 1127 lineamentis,
642 1046 720 1111 trita
733 1046 917 1112 admodum
926 1047 1020 1121 iacis,
1034 1064 1103 1111 nou
1116 1046 1194 1111 licet
1205 1044 1384 1122 disserere3

219 1145 277 1211 sed
300 1163 338 1209 os
359 1144 525 1227 aequabili
552 1144 697 1209 nimium
722 1144 859 1227 planitie
882 1147 1042 1210 obtusum
1073 1144 1263 1228 hebesque;
1288 1159 1386 1207 aures

220 1243 478 1321 minutissimae,
511 1242 612 1307 altius
640 1242 818 1308 collocatae
845 1247 946 1326 atque
970 1243 1006 1307 in
1030 1242 1233 1307 anteriorem
1258 1245 1385 1325 partem

220 1340 386 1417 reductae,
402 1342 459 1408 vix
473 1341 664 1408 individuae
688 1340 837 1424 corporis
857 1347 982 1425 partes,
1007 1340 1066 1406 sed
1084 1339 1270 1405 adventicia
1283 1356 1387 1403 orna-

220 1446 336 1504 menta
352 1441 509 1507 videntur
535 1457 625 1512 esse;
648 1458 744 1505 coma
764 1440 908 1523 denique
927 1438 1069 1505 solidam
1095 1438 1204 1519 magis
1226 1454 1386 1517 massam,

221 1538 275 1603 vel
288 1538 449 1620 injectum
465 1538 563 1622 cupiti
576 1538 692 1603 velum
719 1539 882 1613 imitatur,
903 1554 1006 1621 quam
1029 1537 1156 1620 crispos
1178 1537 1388 1618 fluentesque

221 1636 367 1719 capillos.
385 1636 480 1701 Haud
494 1636 592 1701 aliter
609 1636 713 1701 incisa
727 1638 841 1703 subter
864 1638 900 1701 in
923 1636 1098 1720 obliquum
1116 1634 1219 1701 vestis
1235 1634 1277 1699 ad
1298 1634 1389 1697 inse·

220 1733 343 1799 rendos
356 1735 457 1818 pedes
473 1735 640 1820 puerilem
658 1735 863 1818 imperitiam
884 1734 1013 1817 arguit.

260 1833 416 1897 Attamen
426 1851 573 1918 aequum
590 1841 641 1899 est
654 1834 921 1900 animadvertere
939 1834 975 1897 in
988 1831 1148 1898 nonnulis
1162 1830 1313 1915 pertibus
1327 1846 1389 1893 na·

221 1938 334 1999 turam
352 1950 454 2017 quam
474 1933 653 2015 diligenter
671 1932 856 2017 inspexerit
876 1934 1011 2011 artilex,
1027 1950 1131 2015 quam
1145 1930 1287 1996 fideliter
1308 1927 1390 1991 imi-

222 2030 286 2095 tari
301 2032 346 2095 sit
357 2034 508 2095 mustus.
523 2028 709 2105 Praeterea,
726 2048 804 2095 cum
821 2030 963 2113 peccatis
978 2027 1193 2107 offendimur,
1207 2024 1391 2093 videndum

223 2134 275 2194 est
288 2147 332 2194 ne
346 2128 479 2193 crimini
490 2136 663 2196 vertemus
682 2128 843 2213 quidquid
856 2135 1007 2195 vetustas
1021 2131 1056 2194 et
1074 2125 1291 2210 intemperies
1314 2142 1391 2189 cor·

222 2226 387 2310 ruperint.

262 2327 346 2406 nge,
363 2326 421 2410 qui
431 2326 578 2391 maxime
593 2326 708 2403 elficit,
724 2327 856 2392 tunicae
868 2327 1019 2392 ferreum
1032 2325 1128 2391 illum
1144 2325 1305 2407 rigorem,
1321 2339 1391 2386 noo

223 2420 295 2487 sine
319 2440 421 2487 causa
437 2424 623 2490 adhibitum
644 2444 717 2491 esse
735 2426 896 2491 invenies.
917 2424 990 2503 Qui,
1016 2426 1045 2489 si
1062 2425 1197 2490 laneam
1210 2440 1284 2487 esse
1299 2419 1391 2485 tuni-

223 2537 298 2583 com
312 2522 503 2603 conjeceris,
519 2526 710 2603 angustam,
724 2541 793 2588 nou
806 2524 981 2599 fluentem,
1006 2541 1073 2587 uon
1095 2523 1230 2604 ineptus
1251 2533 1390 2604 prorsus

223 2617 400 2699 videbitur,
430 2620 666 2702 seducturus,
694 2640 887 2706 quanquam
915 2621 1043 2696 inscite,
1080 2618 1351 2686 accommodatus
1379 2632 1388 2680 :

224 2716 331 2799 spissa
353 2718 444 2781 enim
466 2718 569 2783 vestis
584 2720 763 2803 gravisque
780 2738 847 2785 non
871 2720 967 2784 sinus
980 2720 1179 2783 innumeros
1194 2715 1306 2791 elficit,
1321 2730 1391 2778 non

223 2817 415 2899 suppositae
432 2817 480 2881 rei
495 2818 796 2884 conformationem
816 2819 947 2884 minute
960 2818 1080 2884 reddit.
1103 2816 1205 2899 htqui
1222 2814 1318 2878 lanea
1334 2829 1390 2877 er·

226 2918 325 2997 teque
339 2914 539 2980 tunicausos
554 2934 627 2982 esse
640 2917 697 2982 diu
709 2917 849 2983 Graecos
863 2917 1147 3001 utriusquessxus
1157 2917 1192 2978 et
1201 2929 1244 2978 ex
1252 2912 1392 2996 picturis

225 3028 384 3077 vasorum
394 3018 425 3077 et
436 3031 479 3077 ex
492 3012 628 3079 Homeri
642 3014 794 3081 versibus
809 3013 977 3094 colligitur
990 3015 1042 3096 (l).

265 3110 303 3175 lu
316 3110 467 3175 minimis
480 3112 605 3177 eminet
619 3112 762 3193 diligens
777 3111 951 3189 industria,
967 3129 1053 3194 quae
1069 3110 1152 3175 nihil
1162 3109 1317 3175 omittere
1327 3111 1395 3172 stu·

225 3205 281 3271 det
293 3225 332 3272 ac
345 3208 486 3273 meliora
499 3208 589 3273 uidet
604 3210 833 3291 sequiturque,
855 3208 883 3271 si
903 3225 973 3273 non
985 3207 1190 3291 adipiscitur.
1205 3208 1259 3273 Sic
1276 3207 1312 3270 in
1326 3223 1396 3270 ma·

226 3303 340 3384 nibus,
365 3305 400 3369 in
423 3305 532 3381 vultu,
558 3306 594 3370 in
622 3323 718 3370 coma
741 3304 941 3387 praesertim
970 3304 1159 3385 stringenda
1183 3304 1395 3369 elaboratum

227 3407 278 3466 est
295 3422 301 3463 :
317 3403 452 3468 inventa
467 3403 556 3468 enim
572 3404 668 3485 rstio,
685 3422 752 3487 qua
764 3403 884 3467 molles
896 3402 1095 3485 capillorum
1105 3402 1225 3477 llexus,
1244 3408 1278 3466 et
1292 3400 1395 3464 alter·

228 3518 292 3564 nae
310 3500 448 3565 luminis
476 3502 682 3585 umbraeque
709 3502 798 3567 vices
829 3500 1120 3582 exprimerentur3
1145 3518 1231 3584 quae
1258 3497 1395 3581 quidem

229 3597 286 3662 diu
314 3598 467 3677 obtinuit,
490 3605 524 3664 et
538 3600 573 3663 in
594 3599 768 3665 Teneatico
791 3598 945 3683 Apolline
967 3598 1146 3682 conspicua
1168 3596 1286 3677 ostii).
1310 3595 1396 3661 Nam

266 3732 303 3815 (1)
322 3733 434 3805 llelbig,
452 3736 506 3791 Dos
520 3736 684 3819 homerische
698 3736 780 3805 spos,
793 3750 821 3807 p.
841 3736 891 3789 115
913 3749 990 3805 sqq,
1004 3731 1052 3815 ubi
1073 3732 1110 3789 de
1121 3731 1262 3789 vestiendi
1282 3731 1396 3789 ratione

231 3808 421 3933 1111101111
440 3803 1396 3950 haitanillitltltthtltltllshllllltlltlllt

232 3947 279 4003 die
295 3894 481 4005 enuchiedsn
510 3951 561 4005 aul
583 3967 641 4023 eng
660 3951 736 4007 enlie
759 3951 834 4006 ende
854 3947 1011 4005 Geuander
1039 3948 1234 4003 hiuweisen.»
1260 3963 1292 4019 p.
1321 3946 1394 4002 146:

231 4040 246 4069 u
259 4019 318 4075 uer
330 4020 434 4093 Peplos
448 4020 501 4077 der
514 4022 718 4079 homerischen
738 3966 851 4078 {rouen
869 4035 930 4099 uoq
942 4020 990 4075 eiu
1002 4018 1058 4075 mit
1077 4019 1258 4091 Oeffnungen
1273 4018 1321 4072 ihr
1339 4017 1397 4072 den

230 4092 296 4147 llals
310 4090 371 4146 und
385 4092 433 4146 ihr
447 4090 494 4147 dis
506 4098 593 4151 Arme
607 4096 780 4150 versehensr
790 4091 906 4159 Chilon,
917 4091 1033 4147 ahnlich
1046 4090 1126 4159 dem,
1139 4091 1263 4144 welcher
1277 4089 1328 4145 aul
1340 4086 1398 4143 deu

229 4162 353 4218 illesten
365 4163 564 4235 griechischen
575 4166 668 4221 vasen
678 4164 846 4236 dergestsllt
859 4163 912 4231 ist3
927 4179 960 4218 er
977 4164 1026 4234 lag
1045 4178 1082 4219 au
1093 4162 1161 4218 dem
1174 4161 1282 4216 cheren
1297 4159 1397 4215 Theile

231 4234 282 4289 des
311 4235 435 4307 liorpers
463 4234 506 4291 his
531 4237 620 4292 herah
655 4254 686 4291 zu
717 4237 784 4291 dem
815 4234 914 4291 Gurtsl
939 4249 997 4305 eng
1022 4233 1083 4289 und
1105 4234 1153 4288 llel
1182 4232 1282 4287 weiter
1307 4234 1398 4286 unten

230 4305 373 4361 lalteulos
383 4306 427 4361 his
441 4323 474 4361 zu
489 4306 546 4362 deu
568 4307 781 4363 Fusslindcheln
803 4306 905 4363 herah.
921 4325 936 4355 u
959 4321 988 4377 p.
1004 4307 1055 4360 153
1069 4321 1076 4360 :
1092 4326 1107 4356 α
1121 4302 1205 4359 ludes
1228 4303 1342 4360 kommt
1344 4342 1398 4359 .....

232 4377 327 4433 nebeu
341 4376 407 4433 dem
423 4378 453 4433 in
463 4377 557 4433 lreieu
569 4378 858 4437 Faltonhrechenden
874 4375 978 4433 Chilon
994 4376 1058 4432 eine
1069 4374 1179 4432 andere
1194 4375 1321 4446 Gattung
1335 4390 1398 4442 vor,

232 4448 299 4576 {agge
300 4448 386 4576 11111οὲ88
387 4448 438 4577 {lie
464 4450 597 4507 Schwere
619 4450 678 4507 und
703 4450 839 4507 Steilheit
857 4448 910 4505 der
929 4447 1031 4505 Stolles
1050 4448 1200 4520 jeglicheu
1226 4444 1403 4505 Felteuunrf

332 4537 341 4574 1
403 4542 438 4575 ‚a

270 4590 308 4665 (2)
330 4590 488 4662 Orerhsch,
501 4591 595 4651 dcccl.
607 4594 708 4665 depr.
727 4593 844 4665 Plosttlr,
859 4610 879 4663 r,
898 4608 926 4664 p.
941 4592 986 4648 tt.
998 4589 1040 4648 ct.
1056 4593 1174 4664 capute
1191 4590 1263 4648 llelo
1288 4588 1399 4646 mehul-

236 4664 397 4734 cum,Bull.
413 4665 446 4723 de
457 4664 533 4723 dors.
549 4666 661 4737 hellen„
678 4666 756 4737 leae,
770 4665 830 4723 tab.
842 4680 902 4732 ιιιι,
915 4677 947 4736 p.
961 4663 1006 4735 35,
1021 4664 1076 4720 etc.
1304 4736 1321 4781 2
