3534 5617
915 617 1085 687 ..50-

404 786 567 851 utendum
581 784 653 859 luit,
673 785 793 869 quibus
806 789 922 869 aperte
947 784 1117 851 simulacri
1140 785 1303 867 acriusque
1324 785 1571 864 argumentum

404 885 561 949 eluceret.

443 980 507 1047 Sed
519 996 600 1045 mox
610 977 808 1061 exquisitius
821 977 947 1061 aliquid
962 978 1190 1060 excogitatum
1200 983 1273 1042 est:
1289 976 1440 1043 luxuries
1449 975 1566 1059 vestis,

403 1080 519 1158 gestus
545 1075 647 1140 etiam
660 1076 826 1155 elegantia
850 1076 992 1157 juvenili
1003 1076 1218 1158 potissimum
1236 1075 1338 1139 aetati
1352 1080 1404 1139 est
1425 1073 1566 1151 idonea;

405 1174 588 1259 expeditior
622 1172 797 1251 accinctus,
828 1174 1002 1255 ingressus
1044 1174 1216 1251 alacritati,
1250 1179 1351 1257 atque
1385 1172 1568 1253 inprimis

402 1272 570 1336 saltationi
626 1269 922 1347 accommodatus;
964 1289 1050 1354 quae
1092 1271 1267 1351 virgiuum
1313 1276 1393 1335 sunt
1438 1270 1566 1334 omnia.

404 1369 542 1435 Factum
556 1375 607 1435 ast
628 1369 732 1449 igitur
760 1373 797 1433 ut
824 1368 888 1434 hnc
915 1370 1064 1451 corporis
1086 1370 1256 1453 vestisque
1278 1369 1395 1434 habitu
1417 1369 1567 1449 virginee

405 1469 616 1551 potissimum
636 1466 894 1542 declararentur,
911 1467 964 1531 vel
978 1466 1127 1550 juniores
1141 1468 1431 1551 elegantioresque
1445 1466 1566 1533 midia-

404 1586 467 1645 res,
481 1572 524 1643 et,
548 1564 832 1650 quemadmodum
847 1564 947 1646 pallio
962 1566 997 1629 in
1024 1572 1125 1648 caput
1151 1565 1292 1630 adducto
1319 1570 1505 1643 matronae,
1521 1564 1569 1627 sic

405 1666 517 1732 tunica
531 1666 585 1730 vel
595 1664 695 1747 pallio
709 1664 745 1726 in
759 1663 853 1729 sinus
868 1663 1006 1728 collecto
1022 1663 1172 1745 virgines
1190 1665 1410 1748 paterent(l).
1422 1663 1459 1728 td
1478 1664 1567 1728 allud

404 1762 468 1827 luit
482 1762 610 1844 priscae
620 1760 701 1824 artis
717 1764 959 1825 commentum.

444 1858 639 1925 Factumest
647 1876 780 1941 quoque
788 1864 825 1921 ut
834 1856 1140 1941 aliquidreligionis
1151 1858 1289 1924 haberet
1299 1866 1428 1941 gestus.
1438 1858 1569 1925 Etenim

405 1960 441 2023 in
455 1958 583 2023 choreis
612 1957 849 2039 usurpabatur,
878 1974 964 2039 quae
991 1955 1028 2019 in
1055 1956 1219 2023 honoram
1250 1960 1392 2024 deorum
1417 1959 1566 2037 flebant;

406 2058 449 2131 et,
467 2073 544 2119 cum
556 2053 597 2119 ad
611 2052 690 2118 deos
700 2053 855 2119 accedere
869 2071 938 2118 non
952 2053 1025 2119 sine
1038 2053 1114 2135 lege
1127 2055 1331 2139 liceretque
1344 2056 1449 2120 animi
1470 2072 1566 2120 mens

406 2172 445 2218 ac
458 2154 624 2227 voluntas,
654 2152 799 2221 vestium
814 2155 1006 2236 apparatus,
1031 2151 1165 2217 habitus
1188 2152 1332 2238 denique
1351 2152 1568 2238 incessusque

406 2250 562 2317 delinitus
575 2252 657 2327 erat,
681 2248 761 2313 deos
786 2248 1001 2315 adorantibus
1025 2254 1059 2313 et
1077 2249 1118 2313 iis
1132 2249 1190 2333 qui
1209 2251 1245 2314 in
1267 2250 1403 2334 templis
1424 2251 1566 2317 lamula-

406 2350 527 2417 bantur
541 2347 724 2430 imperatus
748 2346 853 2413 luisse
879 2346 1023 2413 videtur.
1048 2346 1173 2413 Idcirco
1189 2348 1225 2413 in
1252 2347 1460 2425 archaistica,
1482 2368 1567 2433 quae

406 2447 538 2525 dicitur,
557 2451 627 2510 arte
649 2444 837 2529 plurimum
848 2444 970 2527 viguit,
984 2451 1022 2512 ut
1036 2464 1122 2529 quae
1134 2451 1390 2529 argumenteex
1402 2446 1567 2529 religione

409 2548 561 2611 sumeret
574 2543 788 2627 plerumque.

445 2641 503 2705 His
524 2640 628 2722 igitur
650 2641 774 2707 vicibus
794 2640 836 2706 ad
865 2645 991 2707 cartam
1016 2642 1201 2709 mulierum
1232 2642 1378 2708 classem
1405 2643 1568 2726 paulatim

405 2739 521 2805 recidit
533 2744 669 2820 gestus3
688 2738 746 2803 sed
759 2738 908 2821 primum
919 2740 1078 2811 universo
1100 2740 1229 2821 generi,
1249 2741 1355 2806 immo
1370 2741 1453 2807 viris
1466 2741 1568 2806 etiam

407 2837 749 2916 conveniensluernt;
765 2856 827 2903 nec
853 2838 918 2903 luit
947 2856 1095 2924 unquam
1113 2840 1172 2904 uni
1198 2839 1382 2905 admodum
1406 2857 1569 2924 personae

407 2942 608 3005 reservatus.
1410 2959 1415 2974 ¹

390 3120 392 3125 ,
446 3036 489 3100 At
511 3036 602 3099 enim
621 3052 740 3117 parum
766 3033 801 3097 in
828 3034 1023 3118 quaestione
1049 3035 1209 3101 solvenda
1224 3054 1344 3102 sumus
1372 3035 1566 3119 progressi3

404 3133 468 3198 hoc
481 3139 591 3198 tamen
606 3133 915 3197 demonstravimus
925 3151 994 3197 non
1007 3132 1174 3199 Venerem
1199 3134 1316 3217 utique
1330 3152 1406 3198 esse
1432 3134 1567 3198 simula·

407 3250 501 3297 crum
516 3231 748 3314 quodcumque
758 3230 894 3295 collecta
903 3231 1014 3295 tunica
1023 3232 1213 3313 estinsigne
1222 3256 1229 3309 ;
1239 3234 1298 3297 sed
1312 3232 1352 3296 de
1364 3250 1567 3317 unoquoque

407 3346 540 3395 summa
555 3348 631 3394 cum
646 3328 807 3409 libertate,
833 3346 968 3395 summa
994 3329 1096 3394 etiam
1124 3330 1296 3411 diligentia
1318 3329 1567 3413 dijudicandum

408 3444 500 3504 esse;
517 3426 716 3492 senteutiam
729 3425 897 3490 enimnon
908 3430 1027 3491 acerta
1036 3426 1192 3506 formula,
1204 3425 1292 3491 seda
1304 3426 1397 3492 varin
1407 3428 1568 3509 cujusque

407 3530 544 3607 aspectu
574 3531 606 3593 et
630 3524 782 3590 locorum
802 3523 995 3591 discrimine
1022 3523 1178 3607 pendere.
1208 3522 1277 3589 Hac
1306 3523 1383 3605 lage
1407 3525 1467 3590 flat
1488 3523 1570 3607 Judi-

407 3642 508 3689 cium.

447 3721 482 3787 Si
500 3722 541 3786 ad
555 3723 738 3787 humanam
760 3726 917 3785 naturam
940 3718 1065 3784 deliaca
1087 3719 1186 3802 signe
1204 3721 1407 3795 referuntur,
1433 3719 1567 3785 nomina

405 3820 618 3901 investigare,
635 3821 728 3884 nullo
739 3819 915 3884 titulorum
932 3816 1068 3893 auxilio,
1101 3823 1152 3883 est
1174 3818 1329 3896 irritum;
1351 3818 1409 3883 illa
1432 3818 1468 3882 in
1483 3824 1569 3883 certa

406 3917 510 3982 classe
535 3936 669 3983 censere
699 3923 831 3983 tantum
861 3918 950 3993 licet,
980 3934 1067 3999 quae
1103 3918 1146 3980 sit
1174 3920 1233 3984 ant
1267 3915 1489 3994 sacerdotum,
1513 3920 1569 3984 aut

406 4015 587 4080 orantium.

443 4112 621 4179 Doctorum
631 4114 798 4197 plerisque
808 4113 932 4199 placuit
946 4118 1086 4192 statuas,
1101 4130 1198 4197 quae,
1215 4114 1351 4195 aspectu
1365 4109 1567 4187 simillimae,

441 4300 478 4375 (l)
498 4302 617 4375 Heuzay,
638 4298 725 4360 Galat.
744 4302 790 4358 des
803 4305 849 4373 M·
869 4302 909 4359 du
921 4302 1037 4369 iocose,
1052 4317 1079 4375 p.
1096 4303 1143 4358 89.
1175 4300 1295 4355 «D'une
1307 4296 1389 4355 main
1409 4297 1480 4353 elles
1495 4296 1567 4353 tien·

406 4376 477 4427 nent
490 4376 589 4429 contre
617 4376 678 4429 leur
697 4372 821 4447 poilrina
848 4389 905 4429 une
925 4374 1058 4430 colomba
1079 4375 1108 4428 et
1126 4372 1162 4428 de
1191 4372 1293 4427 l’autra
1312 4371 1382 4426 elles
1400 4370 1529 4425 relevent
1542 4368 1567 4423 le

405 4460 461 4517 pen
478 4442 513 4500 de
531 4446 594 4501 laur
607 4444 749 4518 draperie,
769 4444 875 4501 double
898 4448 979 4529 geete
993 4444 1053 4518 qui,
1080 4442 1151 4500 dens
1170 4443 1211 4498 les
1229 4442 1386 4499 anciennes
1414 4443 1563 4512 repressa·

404 4516 510 4571 tetiam
521 4515 557 4572 de
569 4516 634 4573 l'art
645 4529 723 4589 grec,
736 4516 930 4574 caracterisart
942 4517 985 4574 les
1003 4516 1117 4573 deesses
1128 4515 1232 4588 joanes
1250 4516 1280 4569 et
1293 4513 1422 4570 balles...
1444 4532 1459 4564 a
