3534 5617
905 688 1082 757 ..40-

406 854 467 929 nit,
484 855 630 939 pessime
647 862 726 922 sunt
746 856 860 921 habita
876 877 883 935 ;
898 857 944 921 ita
957 861 993 922 nt
1005 861 1080 921 tum
1100 856 1142 922 de
1156 857 1279 923 laboris
1294 876 1430 939 genere,
1448 862 1521 922 tum
1534 857 1575 922 de

405 954 479 1037 ipso
494 960 624 1020 statuae
638 960 841 1037 argumento
855 955 1037 1020 dubitetur.
1062 955 1145 1034 Quid
1170 956 1259 1040 quod
1283 956 1433 1038 dispersa
1450 956 1575 1039 passim

406 1072 480 1119 sese
509 1055 704 1119 obtulerunt
735 1054 1029 1138 investigantibus,
1055 1054 1122 1120 dno
1143 1056 1309 1120 recinctus
1323 1054 1432 1120 limini
1445 1055 1574 1137 adjace-

405 1152 496 1227 bant,
526 1170 566 1216 ea
588 1171 674 1236 qnae
702 1154 849 1218 maxime
877 1157 1008 1217 semota
1030 1158 1126 1217 erant
1162 1158 1298 1230 centum
1324 1153 1480 1238 passibus
1507 1170 1574 1217 non

406 1250 551 1334 emplius
577 1250 743 1315 distabunt
756 1253 771 1313 ‘l
785 1250 1009 1329 Quamobrem
1030 1250 1128 1315 liceat
1154 1253 1319 1334 conjicere
1345 1250 1403 1315 illa
1428 1268 1500 1316 uon
1522 1249 1575 1314 bic

408 1347 539 1414 stetisse
547 1348 728 1433 quondam,
740 1349 796 1413 nbi
810 1368 900 1415 nunc
914 1355 993 1413 sunt
1007 1348 1158 1425 inventa3
1176 1347 1263 1414 sede
1275 1348 1423 1413 recinctu
1434 1347 1575 1414 oriunda

408 1466 494 1519 esse,
509 1447 691 1512 illinccnsu
705 1447 850 1532 quodam
866 1451 1037 1531 asportata
1051 1465 1136 1511 esse.
1149 1446 1236 1512 'lum
1255 1464 1346 1524 vero,
1362 1453 1420 1510 aut
1440 1452 1575 1530 propter

409 1546 657 1612 deformitatem
682 1545 977 1629 praetermittenda
997 1546 1135 1611 omnino
1153 1546 1339 1621 videantur,
1362 1552 1421 1610 aut
1440 1549 1575 1628 propter

409 1644 550 1724 originis
565 1644 841 1709 communionem
855 1644 891 1708 in
904 1646 1057 1709 eamdem
1074 1650 1242 1709 catervam
1257 1644 1475 1709 adsumenda.

448 1742 519 1822 Ego
534 1760 614 1807 vero
631 1760 739 1825 neque
753 1742 831 1817 huc,
847 1761 958 1826 neque
971 1743 1052 1808 illuc
1064 1743 1246 1824 coningere
1262 1743 1298 1807 in
1315 1744 1429 1807 animo
1443 1743 1550 1808 babeo
1566 1766 1574 1816 ς

408 1858 488 1904 num
503 1840 531 1903 si
545 1839 691 1904 abducie
705 1840 853 1904 recinotu
867 1840 1047 1905 simulacra
1061 1845 1252 1922 potuerunt,
1264 1839 1467 1905 adducendis
1477 1841 1576 1905 etiam

408 1938 443 2001 in
458 1938 643 2002 reuinctum
660 1938 768 2019 patuit
785 1938 840 2003 via
856 1960 864 2015 ς
880 1938 1066 2004 adventicia
1079 1956 1160 2021 ergo
1181 1939 1235 2003 vel
1249 1938 1307 2002 illa
1320 1956 1406 2022 quae
1428 1938 1576 2022 peribolo

408 2038 566 2099 conclusa
593 2039 683 2112 sunt,
710 2041 744 2099 et
758 2036 936 2100 fortuitum
959 2055 1033 2101 esse
1055 2035 1119 2101 loci
1143 2036 1350 2101 consortium
1377 2035 1569 2118 suspiceris.

409 2134 518 2199 Immo
538 2152 630 2209 vero,
656 2133 750 2198 nulla
778 2134 845 2199 alia
870 2135 1040 2200 conclusio
1067 2134 1157 2199 valet
1172 2135 1340 2218 vigetque,
1370 2151 1473 2219 qnam
1491 2152 1575 2218 quae

409 2237 563 2296 omnium
589 2234 710 2298 babeat
735 2234 919 2319 reddatque
942 2234 1119 2298 rationem.
1151 2234 1262 2317 Atqui,
1291 2251 1370 2297 cum
1398 2233 1575 2297 simulacra

410 2331 545 2395 deliacis
555 2332 742 2396 consimilia
755 2333 955 2416 praesertim
975 2333 1210 2409 increbuerint,
1237 2332 1394 2396 omnibus
1413 2332 1483 2396 iere
1497 2330 1574 2395 locis

411 2429 637 2509 provenerint,
655 2430 799 2513 simplex
813 2429 1052 2513 interpretandi
1068 2431 1152 2493 ratio
1168 2429 1225 2494 vix
1238 2435 1289 2493 est
1303 2428 1496 2512 probabilis.

451 2526 541 2591 Hanc
555 2527 658 2608 igitur
674 2530 907 2612 quaestionem
921 2528 1005 2592 nihil
1019 2527 1176 2603 detrecto,
1191 2526 1293 2592 sedin
1308 2527 1504 2591 ulteriorem
1514 2526 1573 2591 dis·

411 2626 593 2708 putationis
610 2632 741 2708 partem
765 2644 930 2709 reponere
957 2625 1063 2689 satius
1076 2624 1174 2702 duco,
1199 2629 1379 2707 postquam
1401 2624 1500 2706 signu
1513 2642 1572 2687 un·

412 2722 519 2787 decim
540 2723 857 2808 interpretatusero,
874 2742 960 2807 quae
981 2728 1061 2789 eunt
1083 2724 1147 2787 loci
1169 2723 1368 2803 cognatione
1388 2725 1572 2801 conjuncta.

412 2820 472 2886 Ubi
490 2821 592 2899 enim,
610 2824 733 2887 borum
754 2841 864 2901 causa,
880 2822 951 2905 typi
975 2822 1121 2886 universi
1149 2821 1217 2885 vim
1242 2822 1412 2898 definiero,
1439 2822 1475 2884 in
1498 2826 1576 2904 quot

411 2936 537 2999 genera
551 2920 779 2997 distribuatur,
797 2922 933 3004 adqnot
943 2920 1205 3001 significationes
1219 2921 1383 2997 trabatur,
1399 2921 1471 3002 jam
1486 2919 1575 2983 iacil-

410 3017 531 3082 limum
545 3020 585 3083 de
606 3020 680 3083 eliis
691 3020 857 3102 judicium
873 3020 1022 3083 exsistet.

451 3114 516 3178 Sed
539 3114 578 3179 dc
597 3116 663 3179 illis
696 3118 797 3181 etiam
818 3135 904 3199 quae
936 3117 1025 3181 intra
1044 3116 1229 3181 recinctum
1247 3116 1404 3199 jacebant
1426 3116 1574 3201 quaestio

412 3211 518 3274 oritur
532 3220 646 3276 utrum
657 3232 734 3279 casu
744 3214 890 3297 quodam
903 3215 969 3278 sint
979 3220 1092 3279 coacta
1105 3215 1140 3277 in
1153 3231 1263 3279 unum
1273 3213 1399 3290 locum,
1410 3233 1454 3277 an
1465 3232 1576 3278 neces·

413 3308 500 3373 sario
515 3312 609 3392 qnasi
624 3312 790 3376 consortio
802 3314 874 3394 jam
896 3312 973 3377 inde
991 3312 1033 3377 ab
1047 3312 1179 3393 origine
1202 3311 1391 3394 conjuncta.
1417 3312 1576 3395 Equidem

413 3406 491 3469 huic
505 3406 601 3471 alteri
616 3410 765 3491 opinioni
782 3416 939 3473 naturam
951 3410 1015 3473 loci
1029 3411 1142 3474 lavere
1161 3410 1196 3473 in
1213 3410 1387 3492 prooemio
1398 3407 1474 3491 jum
1487 3428 1576 3474 usse-

414 3506 544 3582 verevi;
555 3508 612 3572 sed
627 3510 764 3592 propius
780 3528 833 3574 res
843 3516 893 3574 est
907 3510 1141 3587 examinanda,
1152 3527 1230 3574 cum
1240 3509 1419 3592 disputatio
1429 3530 1449 3574 a
1459 3528 1576 3592 cogna-

414 3604 505 3669 tione
516 3606 730 3687 poiissimum
744 3608 1003 3673 simulacrorum
1017 3608 1060 3672 sit
1076 3609 1235 3691 proiectu.

456 3703 490 3767 Si
518 3704 598 3767 artie
622 3723 724 3788 opera
745 3707 800 3771 vel
827 3706 1055 3770 minutissima
1078 3706 1308 3790 vilissimaque
1329 3712 1470 3788 spectas,
1494 3725 1578 3790 quae

415 3801 479 3866 hoc
492 3801 564 3867 loco
579 3809 658 3867 sunt
672 3804 818 3882 inventa,
836 3806 982 3888 plurime
997 3805 1193 3889 perantiqua
1207 3810 1297 3879 sunt,
1323 3805 1456 3869 nullum
1471 3807 1578 3889 primo

415 3918 445 3963 a.
464 3898 538 3963 Chr.
560 3903 878 3967 saeculorecentiue.
898 3904 1144 3985 Inscriptiones.
1153 3902 1275 3986 quibus
1292 3902 1478 3967 certissima
1498 3904 1580 3968 tides

414 3997 601 4077 adhibetur,
617 4000 737 4065 iisdem
756 4002 880 4067 tinibus
902 4008 981 4066 sunt
994 4002 1144 4066 inclusae
1160 4020 1169 4064 :
1188 4018 1268 4065 nem
1281 4019 1323 4065 ex
1337 4001 1378 4064 iis
1392 4020 1478 4085 quae
1492 4008 1580 4067 tem·

413 4096 504 4179 poris
520 4103 635 4161 notam
649 4098 1080 4183 ostendunt‚antiquissima
1090 4098 1206 4182 quinto
1217 4099 1350 4163 saeculo
1361 4099 1514 4179 vergenti
1523 4100 1579 4183 (t),

412 4195 595 4259 novissima
610 4196 652 4279 (t)
667 4196 764 4260 annis
778 4202 855 4261 ente
867 4197 940 4261 Chr.
958 4201 1047 4261 eura
1070 4196 1282 4262 attribuenda
1304 4202 1365 4260 est.
1392 4195 1482 4274 Quae
1503 4215 1582 4262 vero

413 4293 596 4357 novissima
619 4294 693 4372 luit,
722 4295 790 4359 ima
807 4296 904 4360 fovee
925 4301 1026 4378 atque
1048 4296 1122 4378 ipso
1147 4294 1182 4358 in
1207 4306 1288 4359 saxo
1309 4294 1451 4379 jacebat,
1482 4295 1529 4359 ita
1545 4300 1581 4359 ut

462 4446 488 4517 l)
502 4448 574 4533 narr.
592 4448 624 4504 de
640 4449 715 4507 corr.
733 4450 841 4519 bellem,
860 4450 938 4531 1879,
954 4465 984 4575 p.
1002 4450 1039 4531 12Ι
1047 4465 1111 4532 sqq.
1242 4519 1248 4532 ⁶

414 4520 631 4663 wigpllbcdfigp.
651 4522 702 4577 ³76
716 4536 826 4593 sqq.-
839 4521 904 4576 Alia
915 4520 951 4577 de
974 4530 1059 4577 rcatro
1075 4523 1194 4576 rneuntc
1206 4536 1300 4595 primo
1310 4520 1424 4577 saeculo
1435 4518 1512 4577 iacta
1527 4522 1576 4587 est,
