3534 5617
679 708 856 777 -6p-

182 880 353 958 praeterea
367 882 492 943 certam
518 876 688 941 notionem
716 892 778 938 nec
801 872 951 957 percipit,
968 890 1029 937 nec
1056 874 1219 939 memoria
1241 880 1342 954 tenet,

183 972 248 1036 nisi
261 973 372 1039 addito
387 974 543 1050 nomino;
558 974 692 1057 quod,si
704 972 805 1050 deest,
813 973 942 1053 lingere
952 971 1055 1035 etiam
1064 972 1160 1036 solet.
1172 972 1347 1039 Praeterea

183 1069 350 1136 daedallca
371 1091 482 1154 opere,
507 1090 593 1155 quae
616 1071 782 1146 dicuntur,
804 1070 901 1153 plura
915 1074 1038 1133 suntet
1052 1068 1203 1151 pluribus
1216 1072 1252 1134 in
1265 1070 1346 1135 locis

183 1168 343 1251 dispersa,
359 1188 461 1254 quam
477 1175 515 1234 ut
534 1169 575 1233 ad
596 1187 704 1233 unum
718 1168 874 1233 artificem
893 1166 1011 1231 reterri
1032 1166 1180 1248 possint;
1195 1186 1257 1231 nec
1277 1174 1346 1232 tam

183 1272 260 1348 apte
269 1267 356 1332 inter
366 1284 402 1332 se
412 1268 591 1332 concinunt
601 1267 708 1349 (l),nt
718 1272 918 1348 temporum,
930 1265 1083 1330 locorum
1104 1271 1346 1351 auctorumque

183 1363 356 1429 diversitas
371 1364 549 1447 aliquando
563 1380 632 1427 non
646 1363 902 1448 praesentiatur.

220 1455 305 1528 Jam,
322 1459 351 1521 si
372 1477 449 1523 cum
463 1458 588 1522 deliaca
611 1460 697 1522 serie
716 1456 897 1521 contuleris
917 1456 1146 1521 archaIcorum
1170 1458 1346 1540 signorum

182 1554 342 1638 quidquid
356 1561 417 1633 est,
434 1556 504 1621 sive
518 1555 672 1620 homines
697 1554 738 1617 iis
763 1554 914 1636 expressi
937 1560 1025 1629 sunt,
1042 1555 1113 1619 sive
1127 1556 1296 1632 mulieres,
1313 1561 1347 1621 et

183 1670 268 1735 quae
297 1671 315 1717 e
342 1659 436 1736 petra
456 1658 515 1717 aut
540 1669 710 1716 marmore
729 1657 894 1731 constant,
909 1656 943 1716 et
963 1671 1048 1734 quae
1070 1657 1172 1716 aenea
1196 1658 1275 1718 sunt
1288 1659 1347 1718 aut

182 1750 310 1831 figlina,
328 1750 454 1816 videbis
468 1768 509 1815 ea
521 1769 591 1814 non
611 1749 787 1833 repentino
800 1750 867 1814 ictu
889 1756 922 1815 et
938 1751 1034 1834 quasi
1056 1751 1098 1814 acl
1120 1756 1241 1815 nutum
1255 1752 1347 1817 exci-

183 1854 252 1913 tata
276 1850 394 1931 jactari
410 1869 418 1925 ;
434 1849 502 1921 sed,
529 1853 663 1930 torpore
691 1848 816 1913 sensim
843 1866 996 1925 excusso,
1022 1849 1064 1913 ad
1090 1850 1294 1915 movendum
1309 1868 1346 1914 so

183 1945 377 2027 accingere;
396 1946 501 2010 immo
521 1945 637 2010 eadem
652 1950 768 2026 gestus
782 1946 877 2028 quasi
897 1950 1047 2029 tempora
1061 1948 1255 2030 saepissime
1273 1948 1345 2011 ani-

181 2045 371 2111 madvertas
383 2046 436 2127 (2).
452 2044 607 2108 Attamen
623 2048 681 2107 aut
705 2044 886 2108 tractabilis
910 2044 1078 2122 materies,
1096 2052 1155 2110 aut
1169 2047 1345 2127 signorum

181 2143 323 2207 minima
337 2141 534 2225 amplitudo,
550 2146 608 2204 aut
621 2141 769 2224 eorporis
792 2160 834 2206 ex
847 2141 987 2206 diversis
1004 2143 1153 2225 partibus
1166 2158 1343 2225 coagmen·

182 2240 274 2304 tandi
289 2240 428 2305 facultas
437 2240 669 2304 membrorum
679 2239 869 2305 liberiorem
881 2241 1096 2320 jactationem
1110 2241 1278 2306 interdum
1292 2241 1346 2306 ad·

182 2339 346 2403 mittebat.

221 2434 310 2517 Ergo
325 2435 509 2501 sententiae
523 2451 618 2499 meae
632 2434 796 2499 librorum
813 2435 1139 2518 simulacrorumque
1155 2436 1238 2500 lidos
1251 2436 1343 2500 auxi·

182 2533 301 2612 liatur3
321 2553 441 2599 verum
454 2534 518 2599 hoc
531 2534 720 2598 maximum
733 2552 807 2599 esse
817 2535 975 2615 arbitror,
989 2535 1076 2617 quod
1087 2536 1122 2598 in
1136 2536 1244 2617 prima
1258 2553 1346 2600 com·

183 2633 398 2697 mentationis
422 2634 523 2715 hujus
544 2637 638 2714 parto
663 2634 736 2714 jam
762 2632 920 2713 indagavi
947 2638 980 2697 ot
1009 2650 1111 2716 quam
1135 2634 1344 2716 apertissime

181 2731 312 2796 ostendi
330 2752 337 2796 :
354 2750 422 2796 non
446 2732 481 2794 in
494 2750 562 2795 una
577 2736 709 2795 tantum
723 2738 816 2813 parte
835 2731 1039 2815 disciplinae,
1057 2732 1163 2797 sedin
1188 2733 1344 2797 omnibus

180 2830 283 2895 simul
295 2848 334 2895 ac
347 2830 471 2913 pariter
482 2828 690 2893 elaboratum
718 2830 969 2913 perlectumque
984 2848 1068 2895 esse.
1094 2828 1244 2913 Namque
1262 2831 1344 2894 arti-

179 2930 246 3007 fex,
263 2936 300 2994 ut
326 2933 422 2994 motu
443 2928 671 3011 exprimendo,
687 2928 735 2992 ita
749 2947 887 3011 corpore
902 2930 1093 3011 effingendo
1112 2933 1145 2993 et
1159 2936 1251 2995 veste
1265 2929 1341 2993 imi-

180 3029 282 3093 tanda
304 3029 610 3112 componendaque,
626 3028 735 3110 magis
765 3046 802 3093 ac
816 3030 926 3110 magis
946 3028 987 3093 ad
1001 3030 1176 3094 veritatem
1190 3030 1341 3113 pulchri·

181 3126 399 3210 tudinemque
413 3127 551 3193 accedit.

220 3225 380 3291 lllemoria
407 3244 540 3309 quoque
564 3226 747 3291 tenendum
781 3230 831 3289 est
850 3243 1011 3307 magnam
1030 3224 1101 3291 vim
1127 3226 1342 3292 inmutanda

182 3325 439 3389 simulacrorum
457 3325 565 3407 specie
578 3324 740 3390 vestiendi
755 3323 974 3407 comendique
987 3325 1262 3390 consuetudinem
1279 3326 1342 3390 ha-

179 3423 293 3489 huisse
310 3441 317 3487 :
333 3440 413 3486 nam
436 3424 581 3487 vestium
602 3428 757 3488 naturam
777 3442 815 3487 ac
842 3423 1126 3506 compositionem,
1144 3424 1342 3507 capillorum

180 3528 366 3604 comptum,
381 3523 498 3587 mundi
517 3522 700 3605 elegantias
719 3542 786 3587 non
810 3523 1043 3604 excogitabant
1055 3524 1211 3600 artifices,
1227 3525 1286 3589 sed
1299 3544 1341 3589 ex

181 3620 340 3705 temporis
355 3622 407 3685 sui
421 3625 626 3706 moneatque
640 3640 705 3687 usu
719 3621 939 3685 adsumehant
955 3621 1007 3704 (3).
1023 3621 1134 3704 Atqui,
1150 3622 1179 3685 si
1192 3622 1229 3687 in
1245 3641 1340 3689 cons·

220 3838 258 3911 (l)
273 3838 352 3895 ldem
371 3842 400 3894 et
410 3838 557 3895 architecti
574 3840 602 3895 et
615 3839 690 3895 labri
703 3842 732 3895 et
744 3840 801 3896 seul
824 3838 893 3894 toris
907 3854 1027 3893 munere
1038 3836 1186 3909 fungitur,
1201 3839 1340 3896 caedendi

183 3910 390 3984 sculpendique
414 3910 592 3966 ferramenta
618 3911 746 3981 invenlt3
762 3856 905 3976 selinon,
928 3909 1148 3979 supellectilem,
1161 3912 1335 3983 anaglypta,

183 3983 336 4037 simulacre
364 3982 545 4049 crocinum
573 3998 639 4038 vero
662 3986 728 4038 sunt
753 3982 969 4037 simulacrorum
1000 3981 1191 4036 diversissima
1212 3999 1339 4052 genera;

182 4068 306 4125 quorum
316 4052 373 4109 alia
383 4055 509 4125 torpent,
519 4053 962 4125 vaginaconclusaimmotaque,
979 4052 1045 4120 alla,
1059 4052 1192 4123 expedita
1202 4058 1340 4126 motuque

181 4124 322 4195 praedita,
338 4125 436 4180 vivunt
450 4128 536 4207 atque
549 4126 706 4181 ambulant.
724 4124 891 4192 (Ouerbeck,
907 4124 1187 4193 Schristq‚‚99,6;l19
1200 4142 1233 4197 sq
1258 4168 1262 4178 .
1280 4166 1286 4179 .

215 4194 252 4266 (i)
268 4196 338 4251 Tum
361 4200 530 4267 praesertim
542 4198 665 4253 Veneres
678 4197 882 4268 Apollinesque
905 4210 939 4249 cx
962 4210 1039 4261 aere,
1055 4194 1103 4265 qul
1116 4199 1183 4250 sunt
1196 4196 1226 4251 in
1273 4212 1340 4251 usco

179 4266 340 4335 Parislensi,
367 4268 443 4322 hunc
462 4269 531 4323 artis
559 4284 724 4340 processum
752 4267 907 4324 ostendunt
921 4266 971 4339 (lie
990 4265 1176 4338 Longperier,
1190 4270 1281 4327 Notice
1295 4268 1341 4323 aa

177 4338 292 4393 Brouzos
304 4342 401 4407 antiq,
420 4356 447 4394 n.
465 4342 516 4395 llo
529 4355 610 4412 sqq„
622 4342 654 4394 55
666 4337 755 4422 sqq).

216 4408 254 4480 (3)
275 4412 373 4481 ltaque
384 4410 414 4464 in
429 4411 483 4465 hac
499 4426 530 4465 re
545 4427 676 4466 vasorum
689 4410 831 4481 imagines
850 4425 916 4465 cum
931 4408 1089 4465 simulacris
1104 4409 1222 4465 omnino
1243 4410 1340 4465 conci-

179 4483 262 4534 nunt.
275 4512 310 4522 -
324 4481 365 4535 Cf.
378 4497 413 4536 ea
436 4497 509 4554 quae
525 4480 560 4537 de
581 4482 685 4537 vestitu
700 4486 884 4555 comptoque,
905 4484 968 4535 tum
982 4496 1013 4534 ex
1028 4481 1201 4550 auctoribus,
1223 4483 1284 4536 tum
1305 4498 1340 4537 ex

185 4552 380 4681 moqqmeqqis
418 4551 536 4625 collegit
571 4552 683 4624 Helbig,
712 4557 767 4609 Dos
808 4552 971 4610 commeate
1003 4552 1076 4623 Epos
1121 4552 1183 4625 (llic
1216 4552 1340 4627 Trachi),
