3534 5617
632 1420 927 1499 PROOEMIUM

198 1784 282 1849 Quas
293 1786 383 1844 Delus
394 1784 496 1843 insula
507 1786 539 1844 in
555 1786 681 1859 antiqua
695 1786 869 1861 sculpturae
885 1800 1012 1859 graecae
1026 1784 1154 1843 historia
1164 1786 1270 1859 partes
1285 1786 1365 1845 obti-

232 1885 343 1943 nuerit.
360 1914 393 1927 -
407 1885 563 1953 Quomodo
575 1886 771 1944 inventaillic
781 1887 947 1943 simulacra
960 1884 1071 1942 studiis
1084 1884 1160 1941 meis
1171 1884 1362 1942 occasionem

233 1982 383 2041 dederint.
395 2014 430 2027 -
444 1986 526 2052 Quae
538 1984 579 2043 sit
589 1984 658 2042 libri
667 1983 882 2043 conscribendi
895 1982 1041 2041 materies
1055 1996 1091 2039 ao
1103 1982 1194 2041 ratio.

242 2817 324 2885 Cum
347 2836 464 2885 omnes
486 2820 611 2904 ubique
626 2818 792 2896 homines,
807 2836 867 2885 seu
890 2820 1049 2885 aedificiis
1063 2820 1289 2898 exstruendis,
1304 2838 1365 2885 seu

202 2916 401 2998 attingendis
414 2916 619 2999 imaginibus
628 2916 804 2981 materiem
813 2916 1066 2981 accommodare
1076 2916 1165 2981 soliti
1174 2917 1251 2992 sint,
1263 2934 1368 2999 quam

201 3020 322 3078 natura
336 3014 399 3080 suli
412 3015 652 3098 suppeditabat,
668 3012 758 3077 haud
773 3013 900 3077 mirum
914 3018 965 3078 est
978 3014 1007 3077 si
1019 3014 1124 3078 maris
1137 3013 1261 3094 Aegaei
1275 3014 1370 3077 insu·

202 3110 283 3185 lani,
299 3112 385 3193 parii
407 3111 528 3193 lapidis
541 3112 637 3193 copia
650 3115 684 3175 et
697 3110 946 3194 pulchritudine
964 3110 1086 3186 allecti,
1100 3110 1201 3194 primi
1215 3111 1371 3175 omnium

204 3208 407 3274 Graecorum
430 3226 599 3273 marmore
623 3207 805 3290 sculpendo
827 3208 984 3274 teruntur
1007 3208 1214 3273 inclaruisse.
1241 3207 1371 3273 Plinius

204 3324 287 3387 ergo
301 3306 400 3371 tradit
416 3305 667 3389 antiquissimos
689 3305 874 3389 sculptores
896 3324 1067 3371 marmore
1085 3312 1217 3370 tantum
1230 3305 1371 3370 candido

204 3421 285 3469 uses
299 3422 372 3469 esse
388 3423 407 3469 e
421 3402 506 3469 Paro
528 3404 639 3469 insula
651 3404 712 3485 (l);
729 3403 816 3469 Chiis
834 3411 950 3469 autem
964 3405 1066 3470 decus
1087 3406 1204 3469 tribuit
1216 3405 1373 3471 inventae

206 3503 287 3568 artis
302 3502 357 3585 (i),
372 3522 459 3587 quae
473 3503 569 3586 quasi
584 3500 785 3568 Graecorum
802 3504 938 3586 propria
959 3503 1064 3568 inisse
1077 3502 1221 3581 videtur,
1236 3508 1371 3589 atquae

207 3602 399 3685 sculpturae
412 3600 642 3667 incredibilem
655 3618 762 3683 paene
776 3600 956 3665 utilitatem
969 3601 1094 3665 attulit.

244 3699 330 3766 Nam
351 3700 523 3783 pellucens
540 3700 598 3764 ille
610 3698 708 3782 lapis,
722 3704 756 3763 et
778 3698 914 3763 insitivo
928 3698 1009 3763 selis
1032 3700 1156 3764 rubore
1169 3704 1203 3765 et
1224 3699 1374 3781 genmno

83 3854 87 3860 .
205 3797 314 3863 nitore
328 3798 425 3881 quasi
443 3797 654 3869 subauratus,
671 3814 740 3860 non
754 3796 796 3861 ad
810 3796 957 3860 formam
969 3796 1070 3862 modo
1080 3797 1304 3875 bominis,sed
1319 3817 1375 3863 co·

204 3895 312 3961 iorem
327 3894 430 3960 etiam
446 3893 703 3977 exprimendum
716 3892 914 3957 mirabiliter
924 3893 1013 3958 valet
1022 3894 1151 3959 atvitae
1161 3895 1225 3977 ipsi
1236 3895 1375 3978 propius

204 3992 328 4057 aceedit
342 4014 350 4057 ε
375 3994 471 4075 eujus
486 3992 572 4056 mica
595 3990 739 4055 crassior
751 3995 785 4055 et
798 3990 966 4073 politurae
978 3998 1190 4057 venustatem
1204 3994 1329 4076 patitur
1342 3999 1377 4057 et

203 4090 378 4155 limatioris
391 4089 604 4171 levigationis
621 4088 769 4154 taedium
784 4094 916 4153 recusat
926 4108 935 4165 ;
946 4090 1050 4171 J‘nsta,
1057 4096 1096 4154 ut
1104 4091 1151 4154 ita
1161 4090 1281 4167 dicam,
1289 4090 1378 4155 duri-

205 4188 251 4251 tia
275 4193 308 4253 et
334 4187 511 4271 pertinacis
541 4186 642 4251 studii
670 4185 882 4269 disciplinam
908 4186 1068 4268 injungit,
1096 4188 1169 4252 sine
1197 4206 1264 4271 qua
1289 4187 1375 4251 nihil

203 4284 427 4368 praestantius
442 4290 551 4367 petest
568 4284 740 4357 exsistere,
766 4290 799 4349 et
825 4284 947 4348 infiniti
971 4285 1082 4367 operis
1103 4286 1193 4350 mole
1214 4285 1378 4350 artificem

205 4382 334 4459 liberat,
350 4400 416 4466 qua
429 4399 552 4447 manus
566 4388 762 4448 exerceatur
777 4382 813 4445 in
826 4400 965 4458 vanum,
976 4382 1156 4465 ingenium
1164 4383 1378 4466 impediatur,

244 4544 267 4617 tl
302 4544 387 4613 liin..
401 4544 437 4603 N.
451 4544 487 4600 Η.
492 4580 501 4613 ,
510 4558 601 4615 xxxvl,
615 4544 649 4600 li
659 4541 719 4612 (nd.
735 4540 900 4618 betlelsen).

248 4615 275 4689 (2
305 4616 389 4685 ibid,
406 4618 450 4673 ll.
