3534 5617
909 630 1068 697 -90-

399 814 515 875 msse;
530 797 571 862 de
586 796 723 881 Assyria
735 814 855 863 omnes
868 796 1019 863 reticent.
1034 794 1150 879 Neque
1161 792 1339 868 Homerus,
1349 809 1428 859 cum
1442 810 1580 861 merces

398 916 419 962 a
433 894 611 963 Sidouilrus
624 895 735 961 illatas
749 902 918 972 numerat,
934 894 1115 959 simulacra
1129 893 1171 957 iis
1184 892 1365 968 admiscet;
1381 909 1494 977 neque
1509 892 1580 961 He·

398 996 536 1061 rodotus
549 995 705 1078 aegyptia
730 994 902 1079 assyriave
923 992 1105 1060 simulacra
1118 992 1153 1056 in
1174 989 1309 1057 Graecia
1327 990 1501 1075 fuissem,
1516 996 1582 1059 aut

398 1110 518 1177 graeca
531 1092 712 1158 simulacra
725 1092 792 1159 illis
806 1098 952 1175 cognata
964 1092 1070 1157 tuisse
1083 1090 1177 1156 dixit

439 1190 512 1257 Huc
521 1190 665 1274 denique
678 1190 806 1257 accedit
820 1190 920 1275 quod,
937 1189 1061 1255 uostris
1085 1185 1305 1271 temporibus,
1320 1184 1578 1270 antiquissima-

399 1307 478 1357 rum
492 1288 627 1355 urbium
642 1286 765 1365 solum,
790 1288 825 1353 in
849 1288 996 1363 Graecia,
1019 1285 1153 1365 insulis,
1167 1283 1304 1350 asiatico
1317 1284 1429 1360 litore,
1446 1284 1578 1363 rimati,

401 1386 509 1451 multa
522 1386 746 1470 repperimus,
762 1404 847 1471 quae
869 1384 910 1451 ad
933 1382 1131 1469 peregrinas
1155 1388 1245 1447 artes
1261 1380 1380 1447 reterri
1402 1381 1581 1461 deberent,

401 1484 623 1550 simulacrum
637 1502 717 1550 vero
734 1483 879 1550 nullum.

442 1581 477 1650 Si
492 1587 581 1648 recte
594 1582 772 1648 historiam
786 1581 946 1657 intellexi,
964 1585 1142 1647 auctorum
1157 1576 1362 1653 testimonia,
1390 1575 1580 1661 investiga·

400 1682 531 1749 tionum
545 1686 838 1761 argumentosum
853 1680 1185 1765 interpretatus,jam
1192 1679 1235 1745 de
1242 1679 1432 1745 simulacris
1441 1676 1579 1744 deliacis

400 1782 504 1849 habes
519 1779 614 1865 quasi
631 1779 889 1863 praejudicium.

441 1878 479 1943 ln
493 1878 665 1961 sculptura
676 1878 778 1953 enim,
794 1876 906 1957 magis
920 1894 1023 1960 qrram
1036 1876 1072 1940 in
1085 1874 1156 1941 ulle
1168 1874 1429 1959 aliadisciplina,
1439 1874 1579 1941 Graeco·

400 1992 479 2041 rum
492 1974 668 2057 ingenium
682 1993 756 2041 sese
780 1975 883 2039 libere
897 1993 936 2039 ac
959 1974 1088 2039 sincero
1101 1972 1230 2050 habuit,
1245 1980 1320 2039 tum
1341 1974 1376 2040 in
1399 1988 1577 2039 marmore

401 2073 582 2158 sculpendo
610 2074 809 2158 praesertim
823 2078 856 2137 et
879 2073 999 2138 statuis
1025 2073 1211 2155 majoribus
1232 2072 1445 2154 effingendis.
1473 2070 1576 2153 Gtrjus

400 2172 536 2257 quidem
551 2172 599 2237 rei
620 2190 740 2237 causae
755 2172 975 2245 luerunt,'aut
997 2172 1142 2239 tardum.
1158 2177 1216 2236 aut
1227 2178 1482 2255 praematurum
1496 2185 1577 2233 cum

402 2270 597 2335 cultioribus
612 2270 745 2353 populis
767 2272 1022 2348 commercium,
1037 2274 1097 2335 aut
1108 2269 1297 2335 alienorum
1315 2268 1576 2335 simulacrorum

402 2368 555 2453 penuria,
570 2373 631 2432 eut
644 2368 858 2450 cognitorum
873 2385 1016 2451 operum
1029 2374 1161 2432 natura.

442 2466 665 2545 Quamobrem
672 2466 795 2543 Graeci,
805 2468 1155 2550 quanquamaceteris
1166 2466 1577 2552 populismultadesump

403 2571 530 2639 serunt,
547 2566 714 2631 nullisese
725 2566 950 2651 subjecerunt.
967 2564 1125 2648 Utprima
1147 2566 1271 2630 laboris
1288 2565 1481 2631 rudimenta
1501 2566 1575 2629 ins·

403 2668 639 2746 trumeutaque
652 2665 851 2744 acceperint,
867 2669 965 2748 typos
988 2662 1090 2728 etiam
1108 2663 1280 2729 interdum
1290 2664 1358 2728 sint
1367 2663 1491 2729 imitati
1504 2682 1512 2741 ;
1524 2666 1570 2735 ut,

404 2766 554 2844 quaeest
568 2759 670 2825 Curtii
689 2760 813 2845 opinio,
843 2760 952 2843 ipsam
979 2760 1119 2825 deorum
1138 2760 1380 2842 fingendorum
1403 2760 1574 2842 cogitatio-

405 2876 485 2923 nem
512 2855 768 2923 aPhoenicihus
782 2858 850 2923 sint
865 2858 1022 2933 mutuati,
1041 2875 1143 2923 suum
1166 2876 1305 2923 cursum
1327 2858 1438 2943 primo
1460 2858 1573 2923 stetim

405 2956 448 3020 ab
462 2954 558 3019 initio
585 2960 766 3020 tenuerunt
781 2973 946 3039 suamque
955 2956 1153 3021 munierunt
1168 2956 1272 3021 mam.

444 3050 533 3133 Ergo
548 3052 582 3115 in
597 3051 785 3116 simulacris
809 3052 944 3118 deliacis
958 3052 1087 3119 alienae
1100 3053 1307 3119 auctoritatis
1326 3052 1448 3119 indicia
1463 3052 1572 3118 inesse

404 3150 579 3235 quaedam,
607 3150 663 3215 sed
703 3149 867 3217 Graecum
900 3151 1077 3234 ingenium
1110 3152 1298 3235 plurimum
1325 3152 1475 3235 potuisse
1501 3170 1573 3217 cre·

405 3248 557 3314 diderim.

442 3345 518 3411 Jam
532 3344 713 3412 simulacra
731 3346 804 3429 ipsa
817 3345 1036 3429 inspiciamus
1051 3347 1380 3431 perpendamusque.

443 3442 607 3526 Principio
622 3462 726 3527 pauca
742 3446 967 3526 praemittam,
982 3464 1068 3528 quae
1082 3446 1123 3511 ad
1138 3446 1253 3511 omnia
1266 3450 1429 3530 spectent.

448 3546 479 3607 t.
499 3540 581 3606 Cum
597 3540 718 3607 seriem
733 3543 877 3607 ellicianl
889 3543 1014 3609 deliaca
1026 3543 1206 3609 simulacra
1220 3548 1289 3608 tem
1302 3549 1379 3627 apte
1392 3541 1572 3609 cohaeren-

406 3643 488 3714 tem,
512 3646 548 3705 ut
563 3639 652 3705 aliud
668 3642 709 3707 ab
725 3641 791 3705 alio
807 3642 985 3723 procedere
998 3648 1099 3726 utque
1112 3642 1193 3707 oriri
1212 3642 1374 3719 videatur,
1385 3648 1444 3707 aut
1460 3644 1573 3707 omnia

406 3742 540 3819 oportet
565 3756 607 3801 ex
628 3738 736 3803 aliena
763 3740 960 3805 auctoritate
990 3741 1147 3823 pendere,
1164 3745 1223 3805 aut
1242 3740 1376 3804 nullum
1394 3760 1403 3803 ε
1431 3759 1532 3824 quae,
1546 3740 1573 3805 si

406 3834 516 3900 modia
531 3840 663 3900 tantum
677 3837 763 3903 serie
779 3838 1033 3918 intercessisset,
1049 3845 1201 3905 tenorem
1221 3837 1454 3921 intercepisset
1472 3840 1574 3921 junc-

406 3937 585 4017 turamque
601 3932 819 3999 dissolvisset.

446 4036 475 4095 2.
498 4029 637 4095 Nullum
652 4051 693 4096 ex
708 4034 865 4098 omuibus
884 4032 993 4098 alieno
1014 4031 1169 4115 exemplo
1191 4034 1329 4100 omnino
1352 4032 1575 4099 assimilatum

406 4134 507 4214 atque
521 4130 705 4196 obnoxium
719 4130 888 4208 invenias;
903 4149 1036 4207 verum,
1051 4132 1109 4197 ubi
1123 4133 1272 4197 maxime
1287 4133 1443 4214 cognatio
1457 4133 1575 4216 depre-

405 4226 564 4292 henditur
586 4228 751 4313 quaedam
766 4248 843 4295 cum
864 4230 1031 4314 aegyptia,
1058 4230 1194 4314 assyria,
1226 4229 1443 4314 phoeniciave
1462 4230 1575 4317 sculp-

443 4550 481 4624 (t)
499 4550 528 4608 Si
544 4551 668 4626 excipias
688 4568 723 4609 es
739 4569 813 4627 quae
826 4554 939 4611 Amasis
953 4554 1035 4612 Lindi
1050 4554 1171 4629 aliisque
1185 4556 1215 4615 iu
1233 4556 1465 4617 locisdedicarit.
