3534 5617
897 654 1064 721 ...46-

310 878 312 887 .
437 824 537 903 Gujus
549 821 733 885 sententiae
750 836 887 883 summa
901 821 984 884 haee
999 819 1236 882 videturesse:
1261 816 1299 879 la
1323 814 1566 898 antiquioribus

397 918 531 1001 quidem
548 918 736 981 simulacris
750 917 863 981 Venus
879 918 1095 999 potissimum
1116 915 1270 987 occurrit,
1297 932 1366 978 uon
1388 914 1436 976 ita
1456 918 1568 976 tamen

396 1022 434 1079 ut
470 1016 581 1078 omnia
622 1015 676 1079 sui
709 1016 796 1096 iuris
833 1015 955 1088 iaciat;
990 1012 1165 1097 Nymphae
1203 1012 1295 1076 enim
1335 1012 1566 1087 inveniuntur,

396 1113 534 1178 dearum
562 1112 755 1194 Acropolim
783 1114 1008 1176 obtinentium
1035 1118 1069 1175 et
1099 1110 1267 1174 Minervae
1294 1109 1329 1171 iu
1360 1108 1478 1190 primis
1503 1110 1565 1174 mi·

395 1211 530 1284 nistree,
558 1216 591 1274 et
622 1210 706 1273 aliae
734 1210 898 1291 quaedam
919 1208 1118 1272 humiliores
1149 1208 1242 1285 deae,
1259 1204 1404 1271 Victoria
1431 1208 1565 1287 adbeel,

395 1308 501 1371 Horae
530 1308 757 1391 charitasque
790 1307 978 1371 sacerdotes
1005 1306 1150 1389 denique
1178 1312 1212 1369 et
1234 1305 1446 1369 sacerdotum
1467 1305 1566 1387 adju·

395 1405 492 1469 trices
506 1404 647 1485 puellae.
664 1412 698 1468 et
711 1405 821 1468 omnis
845 1405 979 1483 generis
1004 1403 1180 1479 hieroduli,
1210 1408 1243 1467 et
1257 1420 1343 1484 quae
1357 1401 1392 1464 in
1406 1402 1567 1466 architec-

305 1578 308 1583 .
396 1507 471 1565 tura
494 1501 705 1584 Caryatidum
735 1519 874 1565 munere
904 1502 1095 1581 iunguntur
1116 1500 1286 1579 virgines;
1315 1499 1568 1565 adnumeranda

395 1601 495 1664 etiam
510 1618 528 1663 e
545 1601 730 1680 majoribus
741 1600 811 1663 deis
827 1598 984 1664 Minerva.
1009 1598 1127 1678 galeae
1143 1598 1273 1679 prodita
1293 1598 1397 1679 apice.

435 1698 470 1760 ln
486 1699 696 1762 noviciorum
720 1698 899 1778 signorum
922 1698 1010 1761 serie
1037 1696 1150 1761 Venus
1178 1695 1318 1761 omuino
1346 1696 1453 1775 abest,
1485 1696 1567 1779 Spes

394 1796 590 1876 saepissime
621 1796 788 1871 occurrit;
825 1795 881 1859 sed
910 1802 946 1859 et
971 1794 1155 1859 hierodulis
1185 1800 1237 1857 est
1269 1794 1376 1873 locus,
1405 1800 1439 1859 et
1464 1794 1567 1859 Diana

392 1892 606 1976 Minervaque
621 1892 799 1975 aliquando
815 1899 895 1956 sunt
913 1910 1104 1975 expressae.

433 1990 544 2073 Typus
558 1991 679 2056 idcirco
693 2009 761 2055 uon
784 1990 906 2057 Veneri
926 1990 980 2054 vel
1005 1989 1083 2072 Spei
1102 1989 1200 2053 unice
1215 1990 1366 2055 addictus
1392 1990 1481 2068 iuit3
1509 1991 1565 2056 sed

393 2089 569 2171 permultis
598 2087 700 2152 etiam
736 2089 790 2152 vel
822 2088 1034 2167 monialibus,
1073 2089 1128 2153 vel
1161 2089 1376 2171 potissimum
1410 2090 1482 2154 deis
1516 2096 1567 2155 est

393 2185 552 2249 idoneus.

434 2282 676 2366 densumpost
690 2283 958 2360 Gherardinium,
984 2284 1093 2348 iacere
1117 2284 1222 2366 piget,
1252 2284 1311 2368 qui
1333 2284 1398 2349 luit
1424 2286 1566 2367 diligen-

392 2379 559 2455 tissimum
573 2382 633 2445 sed
646 2388 766 2463 typum
781 2380 882 2445 latius
896 2381 998 2445 eliam
1015 2388 1129 2463 patere
1143 2401 1245 2464 quam
1261 2383 1391 2466 putavit
1405 2384 1568 2448 nonnulla

394 2477 552 2558 exempla
566 2476 808 2553 demonstrant,
821 2496 907 2560 quae
934 2483 1013 2540 sunt
1037 2479 1295 2559 praetermissa:
1320 2497 1468 2562 namque
1483 2497 1567 2544 aua-

393 2571 509 2654 glypta
535 2574 663 2656 aliquot
681 2575 851 2654 neglexit3
886 2576 974 2640 vasis
1003 2575 1098 2656 pictis
1124 2575 1264 2639 omniuo
1291 2594 1361 2640 uon
1388 2596 1473 2641 usus
1502 2584 1562 2643 est.

280 2670 286 2689 ¹
393 2668 560 2748 Egovero
575 2673 750 2737 materiem
766 2691 834 2736 nou
857 2672 1066 2747 exhauriam,
1092 2674 1149 2737 sed
1173 2673 1336 2743 delibabo.
1365 2674 1445 2740 hine
1462 2682 1563 2759 atque

392 2767 470 2831 iude
487 2774 613 2833 temere
627 2770 820 2845 adsumens,
835 2776 872 2834 ut
885 2778 1045 2854 appareat
1059 2788 1161 2854 quam
1170 2772 1279 2849 tritus,
1291 2790 1395 2855 quam
1411 2776 1562 2857 publicus

392 2865 493 2929 fuerit
510 2867 567 2931 ille
584 2874 715 2948 gestus:
1198 2882 1201 2887 “

433 2964 520 3029 llaec
535 2964 644 3046 igilur
658 2966 841 3051 anaglypta
863 3000 902 3015 -
930 2986 970 3032 ea
995 2986 1081 3050 quae
1095 2985 1175 3033 vere
1189 2968 1327 3051 antiqua
1343 2976 1424 3034 sunt
1438 2970 1512 3037 dieo
1525 3005 1561 3018 -

397 3066 532 3142 gestum
550 3062 646 3126 illum
660 3064 819 3129 exhibent
834 3088 842 3129 r

435 3166 464 3218 1ο
494 3158 654 3234 Atticum,
689 3162 779 3243 quod
804 3162 839 3225 iu
864 3160 978 3226 Museo
1001 3164 1101 3228 attico
1121 3180 1171 3228 τῶν
1186 3174 1318 3242 tiemone
1354 3172 1561 3239 asservatum

393 3273 471 3320 curn
498 3257 644 3338 saepius,
678 3264 749 3321 tum
778 3262 971 3342 nuperrime
999 3266 1099 3343 atquo
1126 3262 1252 3344 optime
1278 3283 1298 3327 a
1322 3268 1439 3327 nostro
1463 3264 1564 3347 Rayot

392 3352 514 3437 publici
527 3355 613 3434 juris
628 3354 753 3419 lactum
769 3364 819 3420 est
833 3358 868 3420 in
879 3358 1024 3422 Butletr'n
1039 3358 1076 3421 de
1090 3353 1372 3443 correspondunee
1386 3362 1564 3446 terrenique

392 3450 444 3526 tv,
462 3469 539 3532 pag.
557 3456 627 3525 eru,
654 3453 718 3516 tuh.
743 3473 789 3519 vr.
813 3455 887 3518 Illic
910 3456 1019 3535 virgo,
1045 3456 1159 3519 subtili
1190 3459 1302 3521 tunica
1325 3458 1561 3544 implicatoque

392 3549 494 3631 pallio
507 3549 632 3626 induta,
646 3556 723 3614 ante
738 3552 941 3615 insidentem
956 3554 1135 3617 matronali
1151 3554 1267 3620 habitu
1282 3556 1463 3623 mulierem
1477 3565 1559 3635 stat;

392 3646 545 3711 dextram
559 3654 673 3712 aulem
689 3648 821 3722 attollit,
839 3651 989 3733 sinistra:
1000 3650 1194 3715 adstrictam
1222 3652 1258 3716 iu
1278 3672 1418 3737 corpore
1436 3663 1562 3722 vestem

393 3744 497 3808 trahit
513 3750 546 3809 et
560 3746 593 3807 in
610 3745 732 3827 longos
755 3753 941 3831 tenuesque
956 3749 1051 3812 sinus
1066 3750 1204 3830 colligit.
1221 3751 1330 3828 Quam
1357 3753 1509 3820 Schoeue
1522 3758 1562 3837 (l)

389 3842 565 3906 deiunctae
577 3844 719 3924 parenti,
737 3850 776 3907 ut
797 3846 893 3917 solet,
911 3846 1093 3911 valedicere
1108 3848 1311 3929 arbitratur,
1341 3850 1447 3935 Rayet
1468 3873 1560 3929 vero,

390 3940 523 4003 numini
545 3959 607 4023 sup
613 3942 734 4023 plicare
747 3962 754 4017 ;
780 3949 926 4027 uterque
941 3946 1120 4009 mortalem
1132 3946 1271 4027 judicat.

431 4042 463 4100 2⁰
480 4031 653 4102 Aricinum
685 4040 741 4123 (i),
771 4042 861 4123 quod
894 4041 1056 4119 Orestem,
1094 4044 1203 4108 occiso
1235 4045 1409 4127 Aegistho,
1445 4050 1562 4114 matris

391 4135 592 4200 verecundia
610 4137 832 4201 haesitantem
847 4140 1035 4222 exprimere
1049 4142 1154 4222 vulgo
1170 4143 1323 4208 creditur.
1339 4142 1470 4222 Mulier,
1480 4164 1562 4231 quae

392 4232 498 4299 Oresti
514 4235 668 4316 proxima
683 4243 783 4299 eatae
800 4236 971 4320 deprecari
985 4238 1127 4314 videtur,
1137 4258 1243 4305 manu
1256 4243 1398 4324 pallium
1412 4243 1545 4311 adducit
1550 4268 1559 4324 i

390 4332 482 4396 idem
498 4333 568 4397 lere
583 4340 615 4398 et
629 4332 780 4397 Electrae
795 4341 913 4415 gestus
926 4340 987 4401 est.

426 4465 464 4536 (l)
485 4466 625 4535 Schoene,
642 4468 751 4525 [triech.
771 4470 878 4539 Relicta,
896 4480 929 4525 n⁰
942 4474 1002 4540 lit,
1015 4472 1075 4528 tab.
1094 4490 1168 4530 xxix.

428 4536 465 4611 (2)
485 4538 643 4602 Overbeek,
658 4540 752 4598 desub.
765 4542 814 4597 der
826 4558 868 4613 pr.
886 4544 1012 4614 Plaatit,
1028 4560 1048 4615 1,
1064 4560 1093 4618 p.
1106 4548 1167 4617 ltili,
1179 4546 1240 4604 tab.
1256 4550 1300 4605 31.
