3534 5617
689 666 865 733 ...31-

226 825 338 911 Atqui,
354 846 431 893 oum
442 829 479 893 in
493 830 559 896 dno
574 848 701 912 genero
714 836 844 898 statuae
858 829 1059 907 dividentur,
1082 828 1188 893 satius
1206 828 1271 893 erit
1283 845 1353 893 nou

186 939 296 1003 genus
329 927 446 1007 generi
469 946 676 1011 comparere,
705 929 764 995 sed
786 930 875 993 lutra
903 928 1080 1011 utriusque
1106 925 1242 1008 generis
1266 927 1355 990 flues

187 1020 340 1102 singulas
368 1030 497 1091 stetuos
528 1027 695 1104 conferre;
722 1032 796 1093 lum
822 1027 881 1093 flet
907 1025 1068 1091 facillima
1097 1023 1291 1107 dijudicatio
1318 1042 1358 1089 sc

190 1120 387 1187 certissime.

227 1220 311 1285 Nam
324 1220 424 1287 estin
438 1226 582 1309 utroque
597 1242 665 1291 una
679 1224 752 1289 sine
769 1222 869 1289 dubio
883 1222 1066 1307 antiquior,
1080 1220 1187 1288 alters
1205 1220 1357 1304 prolecto

185 1318 351 1383 recentior
367 1339 375 1397 ;
392 1320 517 1387 scilicet
529 1322 583 1387 hic
596 1324 678 1387 ordo
693 1322 817 1387 luerit:

228 1412 369 1483 GenusI
448 1418 477 1483 A
556 1419 636 1485 Tab.
651 1418 704 1485 Vl.
720 1418 815 1485 Num.
829 1417 916 1487 Vlll.

450 1518 475 1583 B
556 1518 634 1583 Tab.
650 1518 719 1597 VII,
736 1538 767 1594 a,
784 1520 816 1584 b.
830 1520 928 1583 Num.
946 1517 998 1585 lx.

228 1610 338 1679 Genus
360 1614 389 1683 ll
449 1616 478 1681 A
557 1616 635 1685 Tab.
652 1616 735 1683 lllll.
754 1615 852 1683 Num.
870 1614 909 1681 X.

449 1714 473 1779 Β
553 1714 633 1782 Tali.
660 1714 711 1793 IX,
734 1734 765 1791 a,
794 1717 827 1781 h.
867 1713 967 1779 Num.
990 1713 1045 1781 xl.
1088 1712 1183 1792 Quod
1222 1712 1364 1797 quidem·
1492 1753 1495 1757 ι

188 1805 327 1887 signum
340 1812 565 1878 novissimum
573 1814 730 1893 omniurn
744 1832 818 1879 essa
833 1816 999 1890 convenit,
1011 1830 1081 1877 non
1093 1813 1261 1896 optimum
1271 1811 1357 1877 dico.

228 1904 340 1971 Restat
348 1912 386 1972 ut
398 1909 543 1975 indicem
558 1910 753 1976 brevissime
769 1911 935 1991 digeram,
950 1914 984 1975 et
998 1906 1186 1993 dicamque
1201 1908 1358 1991 quodque

187 2002 274 2078 loco,
293 2023 361 2088 quo
376 2012 528 2090 ternpore
541 2007 584 2073 sit
598 2010 786 2085 inventum,
803 2010 895 2092 quali
909 2008 951 2073 ad
966 2026 1028 2073 nos
1048 2014 1140 2073 stetu
1153 2006 1355 2091 pervenerit.

226 2101 372 2169 vul-xl.
391 2104 491 2170 Tebb.
507 2104 623 2171 tl-lx.
640 2107 738 2172 Anno
756 2110 845 2191 1879,
862 2110 976 2173 omnia
991 2107 1094 2171 simul
1107 2112 1240 2188 reperte
1265 2110 1356 2181 sunt,

187 2198 223 2263 in
238 2202 407 2267 artissimo
422 2204 539 2287 spatio,
551 2208 639 2289 quod
650 2205 767 2287 templi
780 2204 808 2269 A
820 2205 1080 2270 tundamentum
1090 2204 1263 2284 orientale,
1283 2222 1358 2286 por-

187 2296 317 2363 ticusA
344 2301 446 2365 iacies
469 2302 691 2385 occidentalis,
714 2302 870 2385 templill
892 2303 1040 2384 angulus
1054 2301 1356 2367 circumscribunt:

187 2393 257 2461 ime
272 2396 484 2483 foveamque
498 2400 621 2485 inipso
636 2420 718 2467 saxo
731 2401 898 2484 J'acebant.

227 2493 295 2561 ΧΠ.
319 2495 444 2564 Eodem
466 2502 538 2565 loco
552 2501 738 2584 eodemque
760 2507 913 2584 tempora
931 2500 1134 2578 inventum
1157 2499 1261 2582 ludus
1282 2497 1357 2565 elfl-

188 2591 281 2673 giem
302 2595 401 2663 edere
420 2598 477 2663 vix
499 2598 665 2679 conducit,
691 2616 769 2665 cum
794 2599 869 2665 eliis
894 2598 1115 2683 descriptione
1143 2596 1355 2682 respondeat,

187 2698 325 2775 aspectu
340 2694 383 2759 sit
396 2695 579 2765 admodum
602 2696 763 2763 deforme.
781 2732 821 2745 ·-
842 2696 1020 2763 llarmorls
1034 2701 1165 2771 natura,
1184 2692 1357 2763 simulacri

186 2791 328 2859 altitudo
344 2794 462 2861 eedem
476 2805 539 2863 est.

224 2888 308 2955 Xlll.
324 2888 426 2957 Extra
439 2894 633 2971 reuinctum,
650 2894 757 2961 sedin
771 2893 927 2977 proximo
941 2891 1063 2959 vicinio
1076 2890 1162 2959 milri
1189 2891 1355 2969 occurrit3

186 3000 267 3049 nem
281 2984 371 3067 ipses
385 2985 428 3051 ad
441 2988 569 3053 radicas
583 2988 673 3054 muri
685 2989 827 3068 jacebat,
844 3006 912 3072 quo
922 2986 1071 3070 porticus
1095 2986 1124 3052 A
1144 2986 1258 3053 clause
1279 2986 1355 3053 luit.

185 3081 302 3147 llutila
316 3088 367 3149 est
390 3084 538 3169 undique
562 3094 656 3170 petra
679 3092 713 3152 et
727 3087 784 3155 vix
807 3093 939 3152 statues
963 3085 1109 3162 similis;
1134 3085 1192 3149 sed
1206 3085 1249 3150 od
1271 3084 1357 3151 lrsuc

188 3181 311 3245 seriem
334 3182 483 3264 prolecto
503 3184 677 3250 attinebat.
706 3218 745 3233 -
771 3183 922 3249 Altitudo
937 3202 1016 3249 curn
1036 3200 1116 3249 vere
1129 3182 1298 3263 congruit.
1315 3214 1356 3231 -·

187 3278 306 3345 Annus
320 3278 524 3345 inventionis
538 3286 627 3347 1880.

225 3375 308 3444 XIV.
343 3376 531 3445 Ilelormius
562 3382 664 3447 etiam
697 3384 731 3447 et
767 3398 928 3446 mensura
962 3380 1075 3445 miuus
1110 3380 1355 3461 fragmentum,

187 3476 340 3558 ejusdem
364 3477 496 3544 ridetur
520 3497 593 3545 esse
616 3480 810 3562 argumenti
826 3500 834 3557 ;
853 3479 912 3544 sed
932 3478 969 3544 in
991 3484 1061 3543 tam
1078 3478 1170 3562 turpi
1186 3484 1278 3543 stetu
1298 3480 1356 3544 vix

185 3574 439 3643 affirmaverim.
468 3575 562 3653 Quod
583 3578 698 3645 inveni
723 3578 834 3643 medie
856 3594 945 3653 aree,
974 3595 1061 3660 quse
1087 3583 1166 3643 onte
1189 3575 1356 3659 Apollinis

187 3671 354 3755 templum
368 3678 470 3756 petet,
495 3694 563 3740 nou
580 3675 717 3758 longas
739 3675 952 3741 meridionali
975 3675 1141 3739 recinctus
1155 3672 1271 3739 latere.
1296 3669 1356 3734 llic

185 3768 281 3835 nullo
293 3769 360 3835 alie
373 3768 413 3834 de
427 3788 527 3839 causa
541 3772 682 3839 allatum
695 3776 756 3851 est,
774 3771 838 3837 nisi
853 3770 990 3855 nequid
1008 3769 1105 3847 desit,
1122 3773 1157 3835 et
1169 3786 1213 3834 ue
1227 3767 1268 3834 de
1282 3766 1354 3833 ori-

185 3866 266 3949 giue
281 3870 454 3935 reticeam.

224 3964 376 4033 xv-xvl.
393 3968 466 4035 Alia
479 3967 579 4052 plane
593 3970 733 4052 regione
747 3974 780 4037 et
793 3970 882 4035 ultra
904 3966 1070 4051 Apollinis
1087 3967 1191 4033 etiam
1204 3969 1356 4031 unctus

184 4063 226 4128 rii
240 4066 442 4146 peribolum,
465 4067 507 4131 sd
520 4068 775 4133 meridionalem
790 4068 958 4149 angulum
980 4065 1134 4144 aedificii,
1154 4064 1207 4129 cui
1232 4080 1377 4131 nomen.

185 4168 263 4247 eppe
295 4164 441 4230 inditum
461 4170 523 4243 est,
547 4167 728 4232 simulacra
752 4166 819 4231 duo
843 4165 967 4231 effossa
994 4182 1069 4229 esse
1094 4163 1229 4247 scripsit
1250 4159 1355 4236 Paris,

184 4262 269 4327 meis
284 4262 482 4329 consimilia.
502 4262 634 4331 Eximio
657 4264 741 4330 dixit
754 4269 826 4330 arte
841 4263 991 4329 conlecta
1007 4266 1052 4338 at,
1074 4262 1221 4345 exceptis
1236 4260 1355 4342 capite,

183 4359 328 4425 brachiis
341 4362 573 4445 cruribusque,
590 4364 797 4440 incolumia3
814 4362 873 4427 sed
889 4380 999 4444 neque
1019 4360 1188 4425 minutam
1209 4358 1356 4440 descrip

185 4460 325 4538 tionem,
341 4480 450 4545 neque
473 4462 732 4529 delineationem
753 4464 856 4529 misit.
884 4462 930 4527 dx
953 4462 1074 4527 litteris
1088 4460 1164 4547 ejus
1183 4458 1355 4543 comperio

185 4576 263 4623 cum
286 4562 404 4626 ceteris
427 4579 467 4627 ee
494 4561 678 4628 admodum
702 4560 880 4630 convenire
897 4582 905 4639 ;
924 4578 1033 4646 neque
1058 4559 1243 4644 quidquem
1257 4563 1353 4627 note·
