3534 5617
919 654 1083 722 ..92-

419 838 480 903 pro
504 820 633 904 reliquo
660 835 809 901 corpore,
838 818 933 883 frons
953 820 1115 903 quadrata
1132 824 1166 885 et
1187 818 1337 893 humilis,
1353 836 1457 883 nasus
1479 816 1598 883 brevis

419 926 518 1003 otquo
542 920 660 993 simus,
691 918 837 1000 grandes
855 920 943 983 oculi
957 926 990 984 et
1012 920 1144 1002 aperti,
1170 917 1337 1001 pleniores
1351 936 1474 1001 genae,
1499 916 1599 981 labra

419 1018 594 1099 tumentia,
624 1033 818 1101 quanquam
848 1035 917 1081 non
945 1024 1034 1082 retro
1068 1019 1175 1093 flexa:
1211 1034 1261 1091 os,
1292 1017 1392 1099 paulo
1429 1015 1595 1098 amplius,

419 1135 487 1182 non
504 1116 575 1182 sine
588 1115 722 1180 tristitia
736 1115 882 1198 quadam
897 1116 1046 1181 subridet
1060 1117 1140 1200 (tto
1161 1117 1336 1183 Praeterea
1349 1115 1464 1198 capitis
1479 1115 1597 1195 figura

419 1216 563 1280 rotunda
577 1215 774 1298 plerumque
790 1219 851 1279 est.

459 1311 497 1376 ln
523 1313 650 1377 deliaco
678 1312 857 1377 simulacro
881 1313 910 1382 ll
939 1314 1038 1398 plane
1065 1315 1167 1379 aliam
1195 1331 1394 1380 mensuram
1420 1312 1596 1395 aliamque

418 1411 566 1491 figuram
579 1427 746 1490 agnosco;
762 1416 861 1494 caput
875 1412 989 1476 miuus
1004 1432 1094 1492 vero,
1106 1432 1175 1478 non
1190 1415 1271 1478 orbe
1285 1410 1594 1493 circumscriptum,

419 1507 475 1572 aed
491 1514 629 1572 ovatum
644 1514 676 1572 et
691 1509 905 1590 sublongum.
924 1511 1067 1592 Singula
1080 1512 1232 1576 conterre
1247 1529 1317 1575 non
1338 1510 1437 1585 licet;
1463 1508 1524 1572 sed
1538 1526 1595 1571 ee·

420 1609 491 1668 tere
505 1604 683 1669 simulacra
711 1606 839 1689 copiam
855 1608 992 1672 iaciunt.
1017 1608 1102 1672 Nam
1126 1608 1228 1680 illius,
1242 1608 1332 1692 quod
1356 1607 1400 1671 ill
1414 1605 1596 1673 numeravi

420 1704 497 1789 (tab.
515 1703 566 1788 ΙΙ),
584 1710 684 1788 caput
696 1706 917 1789 amplitudine
931 1707 1106 1791 Aegyptiis
1121 1709 1269 1791 propius
1295 1707 1355 1772 sed
1375 1708 1490 1787 ssgura
1503 1706 1596 1769 idem

420 1801 687 1866 diversissimum
714 1823 721 1867 :
750 1806 846 1885 cuius
873 1824 994 1869 nasum
1022 1805 1164 1886 longum
1192 1806 1308 1879 luisse,
1339 1822 1377 1868 os
1403 1802 1593 1879 minutum,

419 1917 525 1979 genas
537 1902 669 1965 ossibus
679 1900 798 1985 jejune
812 1902 986 1965 adstrictas
1001 1901 1146 1966 Reinacb
1166 1909 1199 1967 et
1219 1901 1384 1966 Hauvette
1404 1900 1593 1964 aftlrmant.

419 1997 488 2062 Hoc
504 1998 606 2062 etiam
621 2016 698 2062 cum
714 2017 834 2079 graece
848 1999 978 2064 ratione
1001 2000 1169 2081 congruit.
1185 2001 1228 2064 ab
1249 2000 1445 2083 aegyptiaca
1468 1998 1591 2071 differt,

421 2095 508 2178 quod
524 2103 676 2160 extrema
692 2096 784 2160 labra
799 2116 936 2161 sursum
952 2104 1029 2162 sunt
1051 2098 1211 2173 adducta;
1228 2098 1355 2171 vultus,
1371 2115 1451 2161 cum
1464 2096 1538 2160 risu
1550 2095 1594 2159 sit

419 2192 607 2273 mitigatus,
621 2194 798 2258 admiranti
814 2196 934 2259 similis
948 2197 1171 2279 potiusquam
1187 2196 1313 2261 dolenti
1327 2196 1436 2260 estin
1447 2194 1592 2259 novissi-

417 2308 475 2355 mo
486 2291 592 2373 capite
605 2290 754 2373 (Tabll).
765 2292 957 2357 discrimina
970 2295 1180 2359 manifestius
1194 2294 1297 2359 etiam
1306 2298 1486 2375 appareut3
1502 2290 1592 2375 quod

419 2409 481 2455 nec
497 2396 675 2464 structura,
693 2410 753 2454 nec
777 2392 999 2467 lineamentis,
1017 2411 1078 2457 nee
1105 2400 1219 2457 monto
1244 2392 1592 2476 quantulamcumque

289 2562 293 2569 ,
420 2506 497 2553 oum
511 2488 685 2571 Aegyptiis
700 2490 834 2553 exhibet
848 2491 1112 2556 similitudinem.
1125 2491 1258 2555 Alatam
1273 2508 1408 2573 quoque
1420 2488 1591 2570 virginem

420 2605 540 2669 operae
555 2588 701 2669 pretium
711 2593 762 2651 est
775 2589 935 2669 prolerre,
957 2588 1119 2653 Micciadis
1130 2608 1215 2672 opus
1229 2588 1481 2671 Archermique,
1495 2590 1591 2667 cuius

420 2686 520 2749 iacies
533 2685 661 2748 ambitu
675 2685 961 2769 sicceJejnnaqua
974 2687 1117 2769 obliquis
1133 2687 1248 2758 oeulis,
1258 2690 1349 2750 recto
1360 2684 1590 2769 quadrataque

419 2799 512 2854 naso,
529 2781 595 2844 alta
610 2782 730 2853 fronte,
747 2800 804 2845 ore
819 2782 960 2853 modico.
974 2783 1119 2846 curvatis
1135 2782 1235 2845 labris
1251 2781 1438 2863 conspicua,
1449 2781 1491 2843 ab
1506 2798 1591 2843 una·

420 2898 552 2963 quaque
574 2878 807 2961 descriptionis
835 2885 930 2962 purte
957 2880 1104 2944 discedit.
1133 2880 1216 2943 Cum
1234 2880 1342 2943 rideat
1363 2886 1398 2942 et
1422 2880 1504 2959 ipsa,
1522 2880 1591 2941 risu

419 2976 523 3057 longo
539 2978 641 3041 aliam
654 2984 805 3042 mentem
821 2978 999 3059 significat,
1014 2977 1116 3042 habet
1141 2978 1233 3041 enim
1259 2978 1371 3041 neseio
1392 2968 1473 3060 quid
1490 2974 1591 3059 lepidi

420 3075 613 3159 festivique.

458 3172 597 3237 Habitus
612 3178 726 3238 autem
740 3175 890 3257 corporis
904 3176 932 3239 is
955 3180 1017 3247 est.
1039 3175 1097 3258 qui
1114 3174 1150 3238 in
1171 3173 1406 3258 antiquissima
1419 3172 1591 3255 sculptura

419 3272 542 3354 ubique
557 3272 643 3336 redit
661 3292 669 3335 ε
687 3290 767 3336 nam
778 3272 953 3338 immobile
967 3291 1088 3354 corpus
1116 3272 1340 3356 solidumque,
1357 3278 1395 3336 ut
1408 3274 1456 3335 ita
1469 3270 1588 3345 dicam,

419 3370 638 3434 simulacrum
652 3378 710 3434 aut
724 3372 943 3452 excogitatur,
959 3377 1018 3435 aut
1031 3371 1206 3451 attingitur
1220 3371 1388 3435 facillime.
1416 3368 1590 3434 Praeterea

418 3484 536 3532 omnes
549 3469 620 3532 tere
636 3467 751 3550 populi
766 3475 879 3533 motus
905 3468 1117 3550 exprimendi
1133 3468 1280 3549 pericula
1295 3468 1414 3531 eadem
1438 3467 1589 3531 lecerunt

418 3585 504 3650 quae
518 3565 661 3632 deliacae
676 3572 804 3631 statuae
819 3567 1012 3642 ostendunt,
1028 3567 1184 3631 manibus
1198 3573 1258 3631 aut
1272 3566 1397 3649 pectori
1412 3565 1588 3648 impositis.

417 3670 476 3728 aut
502 3664 676 3747 protentis.
694 3664 800 3741 duam
823 3666 1075 3748 disciplinarum
1097 3665 1373 3729 communionem
1401 3665 1591 3729 eommunis

416 3763 582 3845 quaedam
596 3762 788 3835 necessitas,
805 3781 847 3827 ex
859 3769 981 3827 natura
994 3763 1155 3827 materiae
1169 3781 1208 3826 ac
1222 3762 1346 3827 laboris
1358 3780 1485 3843 genere
1505 3768 1589 3834 orta,

417 3867 451 3926 et
484 3861 615 3941 logicus
654 3860 783 3942 ingenii
818 3880 995 3945 processus
1028 3860 1140 3942 magis
1171 3860 1294 3943 gignit,
1330 3877 1434 3944 quam
1471 3866 1592 3926 mutua

418 3960 571 4025 imitatio.

457 4059 517 4125 Ubi
543 4059 703 4142 primum.
739 4060 876 4123 collecta
912 4059 1025 4123 tunica
1050 4058 1259 4142 adductoque
1294 4058 1414 4141 pallio,
1449 4058 1593 4122 brachiis

415 4158 562 4222 molliter
584 4157 716 4221 inllaxis
744 4165 777 4221 et
799 4158 928 4223 alterna
951 4159 1080 4221 ratione
1104 4158 1308 4239 compositis,
1325 4163 1358 4221 et
1376 4175 1439 4221 suo
1457 4175 1593 4241 quoque

416 4256 508 4338 operi
523 4254 653 4325 deditis.
674 4259 791 4334 gestus
807 4274 884 4319 vere
908 4256 1065 4319 inventus
1081 4261 1141 4325 est,
1158 4256 1216 4337 qui
1239 4272 1308 4318 non
1323 4254 1473 4335 corporis
1488 4254 1589 4320 modo

416 4353 646 4427 mobilitatem,
663 4352 766 4417 sedet
780 4352 884 4416 animi
898 4352 1047 4418 indolem
1061 4353 1233 4425 indicaret,
1247 4369 1324 4415 cum
1338 4351 1396 4416 illa
1406 4351 1586 4434 elegantia.

451 4568 489 4641 (t)
509 4570 647 4642 blaspdro,
665 4570 737 4625 Hist.
753 4584 826 4639 ane,
841 4586 873 4641 p.
899 4570 947 4626 te.
