3534 5617
623 1448 973 1530 OONOLUSIO

254 2090 336 2157 Cum
359 2094 531 2176 prooemio
555 2094 657 2161 totius
679 2095 913 2180 disputationis
931 2097 1098 2163 rationem
1111 2101 1373 2183 explanaverim,

214 2191 376 2273 cujusque
399 2192 515 2275 capitis
544 2210 714 2259 summam
737 2195 944 2277 collegerim,
969 2196 1047 2260 licet
1069 2197 1279 2279 paucissimis
1296 2217 1375 2265 con·

214 2288 360 2353 cludere.
866 2312 869 2325 ·

253 2385 407 2453 Primum
435 2389 539 2471 igitur
560 2389 623 2455 hoc
637 2392 803 2470 convenit,
830 2393 901 2458 Deli
921 2393 1059 2459 inventa
1081 2411 1155 2459 esse
1183 2394 1373 2474 simulacra,

214 2503 299 2568 quae
321 2486 409 2552 inter
436 2504 509 2552 sese
523 2487 608 2567 loco,
639 2490 778 2555 artificio
793 2498 1063 2574 argumentoque
1077 2492 1144 2556 sint
1158 2499 1301 2574 cognata
1316 2515 1323 2572 ;
1336 2514 1377 2560 ex

211 2584 265 2648 his
278 2603 385 2666 genus
400 2591 561 2664 constare,
579 2588 667 2669 quod
682 2588 717 2651 in
736 2588 818 2653 dues
844 2589 948 2653 series
969 2588 1114 2653 divisum
1137 2591 1190 2666 sit,
1214 2594 1377 2658 recentio-

211 2701 290 2748 rum
301 2685 454 2764 alteram,
468 2686 609 2751 alteram
634 2687 963 2769 antiquissimorum
990 2706 1069 2752 cum
1093 2689 1203 2753 media
1225 2690 1268 2755 sit
1289 2692 1378 2757 inter

211 2786 389 2866 utramque
404 2784 534 2863 lacuna,
558 2802 633 2848 eam
661 2784 817 2848 facillime
837 2789 871 2848 et
893 2784 1076 2849 certissime
1099 2787 1269 2869 suppleri3
1295 2788 1378 2853 haec

211 2878 355 2965 denique
374 2882 553 2947 simulacra
573 2882 642 2965 typi
664 2882 827 2947 efficiendi
850 2888 1049 2965 perpetuam
1074 2884 1374 2961 continuationem,

211 2974 404 3063 discipliuae
417 2980 649 3045 informandae
663 2980 831 3045 diutinum
847 2999 1042 3063 processum
1057 2983 1242 3048 ostendere.

251 3077 374 3143 Deinde
394 3077 430 3142 iu
446 3078 706 3143 simulacrorum
720 3079 1012 3161 significationem,
1037 3080 1106 3163 typi
1129 3088 1298 3163 naturam,
1317 3101 1377 3164 ge-

211 3174 301 3239 neris
326 3192 451 3259 nomen
476 3176 654 3255 indagavi3
684 3175 783 3240 deam
806 3176 953 3239 effictam
976 3176 1378 3257 essejudicavi3Dianam

212 3290 287 3337 eam
302 3274 506 3357 nuncupavi.
520 3272 586 3337 Dea
600 3273 715 3337 babitu
727 3273 983 3356 insignibusque
997 3275 1123 3356 patuit3
1138 3271 1252 3349 Diana,
1264 3277 1379 3343 titulo·

211 3387 289 3435 rum
303 3372 493 3436 testimonio
510 3377 568 3435 aut
582 3371 769 3435 simulacris
791 3370 1042 3454 inscriptorum,
1068 3377 1127 3437 aut
1140 3392 1218 3437 cum
1233 3374 1298 3439 illis
1311 3394 1380 3438 una

211 3470 478 3546 inventorum,et
488 3470 698 3553 possessione
708 3468 771 3534 loci
781 3468 817 3534 in
827 3489 894 3554 quo
909 3470 1259 3555 simulacrajacebant,
1273 3474 1379 3538 simu·
1485 3527 1489 3536 ,

211 3567 301 3633 laora
315 3568 378 3632 sibi
397 3569 587 3636 vindicavit.

252 3665 426 3732 Postremo
453 3668 524 3752 typi
552 3667 719 3749 originem
749 3685 787 3732 ac
808 3667 898 3732 vices
920 3668 1095 3750 inquisivi;
1121 3668 1379 3734 simulacrorum

213 3767 358 3827 aetatem
376 3781 414 3827 ac
428 3764 572 3847 patriam
585 3765 724 3829 definire
738 3782 815 3829 sum
827 3770 984 3839 conatus;
1000 3765 1237 3846 cognationem
1260 3784 1380 3831 eorum

213 3878 292 3925 cum
302 3862 460 3944 operibus
474 3862 619 3927 aliorum
633 3864 837 3947 populorum
853 3864 1023 3947 perpendi.

240 3960 335 4043 ‘Tppi
349 3958 552 4025 informandi
566 3960 649 4025 baec
657 3961 743 4027 ratio
749 3948 1018 4025 fuissemihivisa
1025 3967 1085 4026 est.
1098 3960 1251 4025 Primum
1266 3962 1380 4041 imago

215 4058 379 4145 quaedam
414 4076 457 4122 ex
483 4058 560 4123 rudi
590 4060 821 4143 symbolorum
847 4060 956 4142 specie
991 4064 1066 4124 orta
1089 4064 1151 4134 est,
1175 4078 1194 4125 e
1219 4058 1383 4141 lapidibus

214 4152 340 4221 scilicet
349 4153 709 4237 arboribusquesacris,
720 4173 805 4238 quae
815 4173 941 4219 numen
951 4154 1183 4237 antiquissime
1193 4154 1383 4235 significare

215 4271 255 4318 ac
286 4252 465 4317 recondere
492 4252 723 4319 credebantur.
738 4252 857 4319 Postea
876 4253 1084 4318 elaboratum
1097 4257 1158 4332 est,
1175 4256 1213 4315 ut
1228 4256 1382 4334 aspectus

214 4368 295 4418 vere
307 4350 477 4415 humanus
499 4351 618 4428 fleret;
645 4352 795 4434 corporis
809 4356 978 4417 structura
991 4351 1256 4423 concinnaretur,
1273 4349 1383 4412 mobi-

215 4447 291 4511 litas
305 4464 342 4510 aa
355 4448 424 4512 vita
438 4448 683 4531 exprimeretur
697 4468 704 4525 ;
720 4448 848 4529 ingenii
861 4464 959 4512 mens
972 4439 1046 4530 ipsa
1059 4446 1301 4512 ostenderetur.
1316 4443 1382 4510 Nec

212 4546 299 4613 vesti
335 4545 485 4611 studium
511 4546 621 4630 piguit
648 4546 854 4631 impendere,
891 4550 931 4610 ut
967 4544 1098 4611 subtilis
1134 4544 1383 4627 tractabilisque
