3534 5617
703 680 886 746 ...41-

213 843 307 927 prius
336 842 410 909 iteri
437 842 612 925 congeries
638 860 850 911 marmorum
874 862 944 911 nou
972 846 1146 929 potuisset.
1175 848 1291 931 Itaque
1315 868 1384 914 nou

212 940 579 1006 acerimulatasuntsoli
594 942 878 1025 aequandicausa,
892 960 970 1009 cnm
980 944 1129 1029 porticus
1139 945 1385 1025 aedificaretur,

212 1058 300 1124 quae
314 1040 411 1105 tertio
425 1038 637 1119 saeculalam
648 1040 757 1105 subet
770 1042 827 1125 (1).
839 1041 954 1126 Neque
965 1059 1046 1107 vcro
1060 1041 1096 1105 in
1111 1042 1267 1123 periculis
1278 1047 1389 1110 occul·

213 1146 282 1203 tata
296 1145 376 1203 sunt
388 1156 432 1203 no
444 1139 664 1216 violarentur,
677 1157 755 1203 cum
768 1138 903 1203 nullum
912 1139 1086 1220 integrum
1099 1139 1141 1204 sit
1153 1160 1161 1215 3
1174 1158 1295 1224 neque,
1313 1148 1389 1226 post

204 1238 375 1321 ¹direptam
392 1238 522 1312 urbem,
533 1236 707 1317 religionis
718 1254 828 1311 causa,
841 1237 988 1309 collecta,
1003 1255 1082 1302 cum
1094 1236 1204 1302 clades
1213 1238 1249 1301 in
1258 1258 1388 1305 annum

212 1355 245 1402 a.
259 1338 292 1401 t'.
310 1340 349 1399 87
364 1334 514 1401 inciderit
527 1335 582 1417 (1).
608 1334 736 1400 Rursus
754 1335 812 1399 illa
838 1340 916 1399 aute
936 1335 1093 1418 quintum
1116 1335 1285 1401 decimum
1309 1339 1386 1403 nevi

213 1436 319 1502 nostri
347 1434 520 1499 saeculum
539 1436 612 1516 jam
642 1433 779 1499 latuisse
818 1432 1104 1499 verisimillimum
1128 1441 1206 1510 est;
1236 1454 1322 1517 quae
1354 1437 1383 1500 si

212 1533 392 1617 conspicua
405 1532 558 1603 luissent.
574 1550 683 1615 neque
693 1539 921 1597 mercatorum
932 1530 1117 1607 avaritiam,
1132 1549 1242 1615 neque
1256 1532 1381 1615 cyriaci

211 1632 420 1710 Anconitani,
450 1631 698 1713 diligentissimi
720 1630 983 1712 investigatoris,
1002 1630 1152 1694 studium
1168 1628 1376 1704 leiellissent,

212 1732 271 1817 qui
285 1732 320 1795 in
330 1728 579 1795 commentariis
593 1747 701 1813 neque
715 1729 936 1807 mentionem,
947 1745 1057 1810 neque
1071 1727 1237 1810 imagines
1246 1730 1382 1795 illorum

213 1834 361 1915 praestat
376 1828 431 1911 (3).

253 1928 390 2011 Oportet
402 1928 507 2010 igitur
519 1950 535 1985 a
549 1926 700 1991 medium
710 1944 833 1991 aevum
843 1951 873 2001 a,
884 1928 974 2012 quod
988 1926 1119 2002 dicitur,
1133 1925 1291 2008 deligere,
1306 1945 1385 1992 cum

212 2027 362 2110 religiosi
388 2026 543 2091 hemines
570 2024 641 2089 Deli
662 2025 841 2090 constitere
856 2027 925 2108 (1);
956 2025 1211 2091 multumenim
1239 2030 1319 2089 tune
1345 2025 1382 2089 in

212 2126 351 2211 planitie
361 2125 588 2198 aedificatum
604 2122 681 2185 hinc
696 2124 942 2189 monasterium
956 2142 1033 2188 cum
1049 2123 1208 2198 ecclesiis,
1218 2123 1295 2188 hinc
1306 2141 1385 2187 mu·

213 2224 365 2289 nimenta
391 2222 538 2305 antiquis
562 2220 719 2303 imposita
748 2220 986 2293 fundamentis,
1014 2226 1048 2286 et
1074 2221 1210 2285 moenia
1233 2222 1382 2305 undique

213 2322 385 2407 producta.
431 2319 517 2386 'lum
560 2318 739 2383 simulacro
775 2320 951 2405 nequando
999 2321 1072 2386 solo
1109 2320 1266 2385 videntur
1307 2338 1382 2385 esse

213 2426 384 2502 congesta.

251 2520 396 2585 Multum
427 2536 508 2583 sane
529 2517 692 2601 profuerit
714 2534 918 2598 cognoscere
941 2518 1000 2601 qui
1022 2518 1123 2583 luerit
1146 2519 1204 2583 illo
1231 2523 1383 2601 tempore

212 2619 359 2704 porticus
374 2621 504 2689 status:
533 2634 625 2692 nam,
642 2615 751 2699 quoad
773 2616 894 2693 stabat,
908 2617 1043 2681 aliunde
1066 2616 1183 2681 inferri
1196 2615 1381 2700 quidquam

211 2716 268 2781 vix
284 2718 433 2799 poterut;
461 2718 640 2796 postquam
654 2719 705 2777 est
726 2730 855 2789 eversa,
872 2713 936 2777 iter
958 2713 1089 2795 potuit;
1114 2712 1172 2776 sed
1199 2730 1255 2775 res
1269 2713 1383 2776 minus

211 2814 328 2899 liquet.
353 2812 539 2895 Utcumque
559 2829 639 2875 vero
660 2811 733 2887 luit,
758 2830 796 2876 en
812 2812 917 2875 inisse
929 2811 1074 2875 arbitror
1087 2810 1234 2875 adhibita
1247 2828 1334 2893 quae
1348 2811 1384 2874 in

211 2915 491 2996 promptnerant‚
519 2908 695 2973 materiem
722 2926 791 2973 non
814 2910 932 2992 procul
956 2910 1154 2994 quaesitam,
1183 2908 1382 2992 praesertim

211 3024 289 3071 cum
311 3007 434 3091 ubique
447 3005 687 3081 aedificaretur,
709 3006 833 3091 ubique
853 3007 1046 3087 fragmenta
1065 3008 1202 3090 antiqua
1224 3025 1378 3071 oecurre-

210 3110 297 3169 rent.
321 3104 504 3177 Praeterea,
535 3104 563 3168 si
586 3102 663 3167 hinc
690 3108 790 3187 atqua
813 3102 890 3167 hinc
918 3105 1019 3168 allata
1046 3111 1158 3167 essent
1185 3104 1377 3179 simulacra,

211 3204 340 3268 formae
355 3203 549 3279 similitudo,
565 3202 682 3268 aetatis
697 3203 917 3283 congruentia
936 3202 1058 3267 merito
1073 3201 1268 3266 admiranda
1281 3202 1379 3267 foret.

213 3302 360 3385 lienique
386 3302 645 3367 simulacrorum
673 3306 765 3365 aetas
792 3300 972 3383 adjacentis
995 3301 1086 3365 aedis
1113 3300 1213 3364 aetati
1241 3319 1381 3383 respon-

213 3405 278 3479 det,
303 3421 390 3487 quae
418 3403 646 3467 vetustissima
669 3409 720 3467 est
743 3401 899 3467 omnium
932 3420 1015 3485 quas
1042 3402 1112 3466 [leli
1148 3402 1317 3483 indagavi,
1348 3408 1382 3467 et

212 3501 358 3585 priscam
373 3500 500 3565 ionicae
514 3500 755 3565 architecturae
769 3498 916 3581 speciem
930 3498 1077 3563 exhibet.

253 3600 368 3682 ltaque
378 3615 446 3663 non
455 3598 528 3663 loeo
542 3598 656 3664 minus
671 3616 773 3682 quam
786 3602 990 3681 argumento
1010 3598 1217 3683 artillcioque
1231 3616 1384 3665 connexa

213 3715 287 3764 esse
305 3697 485 3762 simulacra
499 3698 653 3762 arbitror.

248 3885 287 3959 (1)
301 3888 379 3943 Hane
390 3884 499 3942 seilicet
513 3902 629 3943 causam
659 3884 988 3956 rotatitrurtwaengter,
999 3884 1084 3941 Arai.
1096 3886 1174 3953 Zeia,
1189 3887 1266 3951 11181,
1278 3900 1306 3957 p.
1317 3884 1382 3956 328,

214 3959 262 4033 qui
277 3959 390 4013 abacta
403 3960 598 4030 congestaque
613 3902 764 4031 olympias
778 3956 901 4012 donaria
914 3960 1138 4012 commemorat.
1155 3956 1202 4013 sie
1212 3960 1241 4012 et
1251 3957 1280 4011 in
1291 3960 1381 4012 Acro·

212 4030 271 4103 poli
283 3976 337 4085 soli
353 4028 490 4111 iniquitas
515 4030 634 4101 sepultis
653 4029 815 4111 simulacris
840 4028 896 4083 luit
907 4026 1062 4083 emendata
1075 4027 1181 4100 (Ἐφημ.
1194 4026 1283 4109 Ἀρ),
1301 4030 1380 4096 taos,

212 4118 239 4175 p.
254 4102 349 4173 97)-
359 4101 498 4169 pertrans,
512 4106 558 4171 τῆς
567 4103 640 4165 στοᾶς
657 4103 765 4156 serlrcet
776 4104 820 4169 τῆς
832 4100 893 4171 πρὸς
906 4104 952 4173 apt
970 4098 1260 4173 ’1ρτιμισ1ωι,ιιιειι1ιο
1274 4099 1307 4155 tlt
1317 4100 1380 4172 jam

213 4172 369 4230 Glauciade
383 4172 532 4239 archonte,
548 4188 626 4228 anne
641 4188 668 4226 a.
682 4172 713 4227 G.
730 4174 792 4228 282.

247 4245 285 4318 (2)
312 4243 450 4316 Appiam,
480 4243 516 4299 de
544 4245 607 4300 Bell.
624 4243 761 4309 uictred,
777 4245 833 4311 283
859 4242 996 4311 Pansam,
1012 4258 1053 4311 ιιι,
1074 4244 1118 4313 13,
1136 4245 1176 4313 3;
1201 4242 1324 4311 Athen„
1355 4260 1383 4312 v,

210 4332 240 4391 p.
261 4318 310 4372 art
328 4332 393 4388 sqq.
410 4314 557 4389 (Posiden.
569 4318 676 4387 Apum.
695 4313 796 4387 apud).

247 4387 286 4461 (3)
299 4386 489 4457 VideCyriaci
508 4386 681 4442 anconitani
693 4386 902 4455 manuscriptos
920 4384 1044 4453 codices,
1057 4388 1086 4440 et
1106 4386 1277 4442 Vaticanum
1303 4387 1384 4454 5151,

214 4462 243 4515 et
255 4460 455 4515 llonacensem
482 4460 533 4514 716
546 4456 626 4529 (Coti.
642 4456 716 4530 lat),
731 4456 779 4525 qui
797 4455 1039 4512 delineationihus
1052 4459 1118 4511 sunt
1132 4457 1269 4528 insigues.

249 4530 287 4605 (1)
306 4530 388 4587 toan.
404 4530 533 4597 Centau,
550 4531 663 4596 Hister„
676 4546 707 4595 ιι,
724 4530 769 4593 29,
783 4528 830 4600 qui
843 4527 1014 4590 Σπιταλιωτάς
1034 4528 1229 4601 (Hospitalicrs
1248 4528 1284 4584 de
1304 4528 1386 4587 Salat

172 4660 176 4667 ,
212 4602 285 4658 dean
299 4601 335 4657 de
349 4599 515 4669 Jerusalem)
527 4615 576 4655 eos
590 4600 667 4671 dicit,
682 4598 718 4655 de
733 4615 832 4655 eorum
846 4599 990 4654 navarcho
1010 4599 1146 4674 loquitur.
