3534 5617
921 636 1078 701 ..74-

438 803 545 885 HuJus
562 803 696 884 generis
711 802 923 885 aliorumque
939 802 1019 866 satis
1037 800 1145 866 multa
1169 798 1325 881 exempta
1347 797 1561 871 Scbtiemann

398 900 435 963 in
453 900 550 982 Troju
561 901 605 982 (t)
620 919 682 964 sua
696 900 897 982 suppeditat.

439 996 503 1063 Sed
529 998 757 1062 mutationum
778 998 901 1062 seriem
915 996 1043 1080 optime
1065 994 1198 1059 nummi
1220 993 1462 1069 demonstrant,
1479 992 1564 1055 inter

399 1114 484 1178 quos
498 1102 668 1179 praestant
682 1094 909 1177 Pergaeorum
933 1094 1197 1177 lesensiumque.
1221 1090 1373 1175 Namque
1392 1090 1482 1155 iniis
1496 1108 1564 1154 cer·

400 1193 513 1259 nitur:

439 1296 472 1355 i⁰
486 1290 583 1375 Lapis
600 1293 722 1367 nudus,
738 1294 900 1359 vittarum
914 1296 1072 1375 quattuor
1084 1290 1211 1354 cinctus
1221 1288 1405 1362 ordinibus,
1417 1303 1563 1367 superno

397 1392 578 1473 appendice
593 1398 627 1456 et
640 1393 735 1476 quasi
750 1392 852 1456 mitra
872 1396 992 1455 auctus
1005 1388 1065 1471 (2).

437 1494 469 1551 2⁰
483 1488 580 1572 Lapis
594 1508 672 1555 cum
685 1489 877 1573 appendice.
897 1488 999 1561 vittis,
1016 1485 1142 1557 infulis,
1160 1483 1263 1567 pallio
1277 1483 1335 1566 (3).

438 1591 470 1649 3ο
484 1586 581 1670 Lapis
598 1606 677 1652 cum
691 1588 793 1661 vittis,
812 1586 940 1665 infulis,
958 1584 1059 1667 pallio
1076 1603 1083 1654 ;
1104 1583 1158 1661 cui
1185 1587 1284 1663 caput
1308 1580 1444 1655 insidet,
1468 1580 1564 1645 vultu
1594 1579 1599 1596 ¹

399 1684 532 1765 insigne
553 1686 712 1769 cultuque
722 1686 890 1757 decorum,
903 1684 1051 1747 velatum
1066 1679 1293 1745 etdiedemate
1310 1678 1502 1742 redimitum
1509 1679 1561 1759 (i).

438 1788 469 1845 4⁰
483 1782 589 1865 Lapis,
608 1784 710 1847 stelae
739 1783 857 1847 similis
881 1800 966 1863 quae
990 1796 1135 1860 superne
1163 1777 1308 1842 rotunda
1331 1782 1393 1854 est,
1419 1777 1490 1840 basi
1511 1775 1564 1841 vel

401 1886 473 1945 toro
486 1880 635 1958 innixus,
653 1887 780 1959 trunco,
801 1880 954 1953 brachiis,
972 1878 1078 1960 capite
1091 1877 1288 1942 instructus.
1308 1873 1448 1938 Brachia
1461 1875 1562 1955 longa

400 1977 557 2059 pendent,
573 1978 760 2061 femorique
772 1978 974 2053 adbaerent,
991 1975 1105 2039 vultus
1119 1980 1178 2037 aut
1198 1990 1265 2038 non
1288 1989 1470 2054 expressus
1485 1973 1556 2047 tuit,

399 2084 457 2140 aut
473 2078 571 2141 tritus
586 2083 637 2142 est
651 2078 704 2161 (ὅ).

439 2174 500 2252 Qui
532 2193 649 2239 omues
675 2175 814 2240 Dianam
842 2180 901 2239 aut
926 2174 1126 2256 significant,
1154 2176 1214 2236 aut
1238 2172 1436 2254 exprimunt
1461 2187 1562 2233 :nam

398 2275 705 2357 pergaeisnummis
716 2274 796 2338 deae
806 2291 929 2337 nomen
936 2272 1135 2354 inscriptum
1141 2278 1210 2336 ast.
1222 2276 1354 2353 Περγαῑμις
1368 2278 1523 2353 Ἀρτ]έμιδος
1532 2294 1559 2347 .;

398 2371 524 2452 Pergae
540 2372 641 2437 Diana
666 2390 799 2436 summa
812 2371 976 2453 religione
991 2371 1080 2434 culta
1093 2370 1176 2446 iuit;
1199 2369 1264 2434 Iasi
1285 2375 1412 2445 autem,
1441 2366 1559 2431 Dianae

399 2470 563 2551 templum
607 2475 848 2535 commemorat
882 2469 1000 2533 Strabo
1035 2468 1250 2551 signumque,
1279 2466 1380 2551 quod,
1410 2465 1560 2549 quemvis

398 2568 527 2633 subdio
542 2568 700 2650 positum.
719 2588 740 2632 a
763 2568 887 2651 pluviis
912 2585 952 2631 ao
978 2567 1231 2648 tempestatibus
1255 2564 1415 2647 injuriam
1435 2564 1560 2629 nullam

398 2666 572 2747 acciperet.

435 2759 509 2825 Jam
531 2782 611 2828 vero
633 2764 775 2827 Iasensis
799 2763 922 2828 Dianae
949 2762 1127 2844 Peliaeque
1150 2760 1275 2825 miram
1303 2778 1376 2826 esse
1406 2760 1559 2825 similitu-

397 2856 510 2923 dinem
525 2862 679 2931 arbitror,
696 2879 782 2944 quae
803 2862 890 2925 inter
909 2878 982 2924 sese
1009 2860 1233 2941 descriptione
1245 2938 1249 2945 Ι
1263 2864 1332 2923 tota
1356 2864 1557 2941 congruunt,

397 2956 541 3037 singulis
569 2960 624 3024 vix
655 2959 827 3023 differunt.
854 2958 1015 3041 Namque,
1032 2964 1065 3023 et
1087 2959 1121 3021 in
1140 2958 1319 3022 simulacro
1334 2958 1374 3034 ll,
1390 2964 1424 3023 et
1449 2959 1486 3021 in
1505 2957 1560 3022 illo

397 3055 486 3135 quod
501 3073 662 3120 nummus
676 3057 789 3137 reteri,
809 3057 934 3140 pariter
951 3056 1086 3121 invenio
1100 3056 1208 3119 imum
1229 3060 1355 3137 torum,
1368 3056 1561 3119 inferiorem

396 3152 543 3233 corporis
559 3160 689 3234 partem
703 3153 803 3218 stelae
818 3154 975 3232 similem,
993 3158 1149 3216 truncum
1163 3154 1315 3217 inversae
1330 3169 1447 3234 parem
1464 3171 1559 3234 pyra-

395 3248 487 3323 midi,
503 3254 576 3313 tum
591 3250 693 3315 vestis
706 3252 923 3315 inflexibilem
938 3252 1106 3332 vaginam,
1124 3251 1187 3315 sub
1202 3268 1267 3332 qua
1282 3268 1380 3314 crura
1393 3250 1560 3333 pedesque

395 3345 511 3420 latent,
540 3350 688 3431 corporis
717 3350 926 3415 immobilem
957 3356 1082 3414 statum
1114 3355 1369 3433 torpentemque
1395 3348 1558 3424 habitum,

395 3443 536 3527 denique
559 3446 707 3525 figuram
722 3449 926 3527 geometriae
950 3449 1088 3531 propius
1105 3466 1207 3531 quam
1231 3448 1318 3513 vitae
1336 3448 1557 3513 accedentem.

434 3540 522 3622 Ergo
549 3544 591 3607 ad
615 3544 735 3609 rudem
761 3563 868 3628 usque
890 3546 1036 3628 lapidem
1063 3564 1171 3626 genus
1194 3546 1398 3610 deliacorum
1421 3545 1559 3611 simula·

394 3657 528 3703 crorum
540 3641 712 3707 revolvere
727 3644 813 3707 iicet.
823 3642 883 3721 Qut
902 3646 993 3708 solus
1011 3645 1158 3726 primum
1177 3664 1236 3728 pro
1250 3644 1399 3709 uunimis
1413 3645 1559 3725 imagine

392 3736 559 3801 adbibitus
586 3739 668 3819 iuit;
687 3739 815 3818 deiude,
844 3743 942 3824 capiti
970 3744 1177 3825 suppositus,
1202 3743 1298 3827 quasi
1321 3761 1443 3827 corpus
1470 3744 1556 3822 iuit;

428 3952 770 4026 (i)Schliemanu,1lios‚
794 3972 819 4027 p.
841 3956 904 4023 265,
927 3956 986 4011 tab.
1000 3958 1054 4025 733
1077 3974 1105 4029 p.
1127 3960 1188 4027 375,
1215 3956 1293 4012 tabh.
1322 3960 1384 4026 tet,
1412 3961 1475 4028 tes,
1497 3960 1556 4013 abe.

395 4023 464 4079 Sine
476 4025 553 4079 vultu
570 4027 598 4079 et
610 4025 671 4081 sine
686 4026 833 4094 membris,
846 4043 910 4081 cum
924 4027 1023 4095 oeulis,
1036 4044 1116 4093 nasu,
1129 4033 1158 4082 et
1168 4029 1277 4101 capitiis
1287 4029 1443 4097 interdum,
1456 4046 1485 4102 p.
1498 4031 1560 4087 376-

392 4100 422 4161 7,
434 4095 511 4151 tabh.
525 4096 645 4152 202-208
657 4114 664 4163 ;
677 4114 742 4151 cum
756 4098 939 4153 brachiorum
953 4099 1051 4167 initiis,
1064 4116 1092 4172 p.
1109 4102 1203 4168 375-6,
1214 4100 1292 4158 tabh.
1309 4104 1397 4169 teto,
1412 4104 1459 4157 rot
1473 4118 1480 4168 ;
1493 4117 1559 4156 cum

395 4166 520 4222 brachiis
536 4171 565 4222 et
577 4168 716 4233 cruribus,
732 4168 793 4225 tab.
812 4172 873 4223 192.

429 4236 466 4309 (i)
483 4240 512 4292 in
529 4240 656 4307 Pergase
673 4255 802 4307 nummo,
819 4239 958 4307 Gerbard,
974 4240 1065 4297 dicad.
1079 4242 1163 4309 Abia,
1180 4242 1238 4297 tab.
1253 4258 1307 4312 atr,
1324 4246 1360 4311 23
1380 4243 1558 4315 Decemberg

394 4310 423 4362 et
437 4309 545 4377 Sagtio,
564 4313 712 4377 titutione,
729 4326 751 4365 s.
763 4327 791 4364 v.
808 4311 942 4377 eaetytta,
960 4328 987 4383 p.
1007 4314 1069 4378 645,
1084 4314 1143 4368 tab.
1160 4315 1220 4369 741.

441 4380 467 4451 3)
482 4382 512 4435 iu
525 4380 581 4435 aiio
603 4383 709 4451 Pergae
720 4397 849 4447 nummo,
867 4381 1004 4450 Gerhard,
1020 4384 1106 4439 stad
1122 4384 1209 4451 Aba,
1222 4383 1279 4440 tab.
1293 4400 1348 4451 arx,
1363 4388 1390 4441 3.

440 4452 457 4503 d
484 4452 513 4505 in
526 4450 582 4506 atio
598 4452 703 4522 Pergae
714 4467 843 4519 nummo,
862 4453 1001 4524 Gerbard,
1013 4456 1101 4510 diod.
1114 4456 1198 4522 Aba,
1217 4456 1280 4510 tab.
1298 4472 1354 4524 arx,
1369 4458 1396 4510 4.

441 4524 456 4576 5
482 4523 511 4577 lu
528 4522 632 4578 Iasensi
644 4539 773 4588 nummo,
787 4522 926 4593 Gerhard,
939 4525 1025 4583 Adud.
1040 4523 1126 4595 Aba,
1137 4526 1199 4586 tab.
1217 4542 1272 4594 mx,
1285 4530 1312 4581 7.
