3534 5617
694 696 860 764 -95-

192 876 332 941 corpore
372 859 455 925 nihil
488 860 599 943 magis
626 861 915 927 accommodatum
942 877 1016 925 esse
1042 859 1247 945 sculpturae,
1280 861 1366 929 nihil

193 957 432 1041 praestantius.

231 1055 306 1121 lem
320 1074 402 1122 vero
415 1056 455 1121 de
468 1058 616 1141 corporis
632 1056 744 1123 indole
758 1057 941 1123 videndum
956 1064 1008 1123 est
1026 1057 1116 1142 quid.
1135 1063 1256 1123 nature
1269 1058 1365 1135 duce,

194 1160 338 1238 uterque
357 1154 502 1239 populus
511 1162 629 1239 sponte
637 1156 784 1239 potuerit
797 1156 960 1236 iuvenire,
973 1154 1051 1239 quid
1065 1174 1108 1220 ex
1119 1154 1239 1220 alienis
1258 1173 1369 1220 exem·

195 1253 259 1337 plis
270 1252 487 1335 desumptum
499 1254 687 1320 necessario
696 1252 963 1336 videnturusqui
971 1252 1174 1319 Graecorum
1186 1272 1271 1336 gens
1282 1253 1359 1317 latis

192 1350 344 1415 humeris
362 1350 514 1432 insignis,
525 1352 616 1416 tenui
628 1358 755 1423 ventre.
766 1352 861 1431 largo
873 1358 1006 1434 pectore
1024 1370 1063 1416 ac
1082 1351 1245 1428 tumenti;
1267 1350 1368 1434 pedes

196 1466 277 1514 vero
291 1448 440 1513 multum
455 1454 489 1513 ct
505 1449 578 1515 sine
594 1450 703 1515 calceo
717 1447 974 1533 peragrantibus
990 1448 1174 1531 longiores,
1199 1447 1369 1513 tenuiores

195 1543 431 1631 plenioresque
443 1548 540 1625 flunt;
549 1548 735 1633 sicquoque
750 1564 888 1613 crurum
895 1546 989 1612 nervi
999 1544 1369 1629 musculiqueindures·

196 1648 275 1707 cunt
289 1648 390 1726 etque
407 1644 566 1710 eminent.
585 1644 649 1712 Sed
664 1644 883 1710 conformatio
897 1644 971 1728 ipse
985 1663 1023 1709 ec
1036 1650 1206 1710 stmctura
1219 1642 1368 1726 corporis

196 1756 265 1805 non
276 1758 396 1824 parum
411 1743 519 1808 differt
529 1763 536 1807 ι
548 1744 703 1827 Aegyptii
717 1743 827 1825 magis
842 1742 884 1807 ad
898 1742 1061 1808 rotundos
1075 1742 1243 1821 circuitus,
1256 1740 1381 1807 Graeci·

197 1836 238 1902 ed
262 1839 425 1921 quadram
453 1841 562 1924 potius
589 1843 737 1923 liguram
764 1846 930 1922 verguut3
962 1840 1109 1923 partium
1136 1838 1369 1923 symmetriam

198 1932 295 2000 aliter
317 1937 374 2001 alii
401 1940 620 2016 concinnent;
650 1937 793 2023 pectoris
812 1942 913 2021 atque
931 1936 1080 2002 umbilici
1103 1936 1289 2019 elflngendi
1302 1936 1369 2000 alia

198 2032 303 2109 ratio;
335 2034 478 2118 denique
508 2036 571 2101 hoc
599 2036 775 2121 proprium
802 2041 853 2099 est
880 2034 1140 2099 simulacrorum
1155 2052 1368 2115 graecorum,

200 2130 289 2212 quod
308 2130 423 2197 clunes
447 2131 481 2198 in
509 2131 551 2197 iis
577 2134 778 2217 prominent,
794 2132 830 2196 in
850 2131 1016 2215 aegyptiis
1032 2150 1112 2197 vero
1130 2130 1282 2197 minime.
1307 2129 1370 2210 Qui

199 2228 336 2311 quidem
355 2238 508 2315 aspectus
527 2233 609 2298 adeo
634 2239 774 2297 naturae
787 2230 1021 2316 respondebat,
1045 2236 1085 2295 ut
1105 2229 1139 2294 in
1163 2228 1370 2313 simplicibus

198 2344 357 2392 rasorum
372 2328 538 2413 pictorum
551 2330 756 2413 imaginibus
773 2329 971 2411 perridicule
983 2328 1253 2411 amplificaretur.

236 2422 375 2491 Vultum
389 2427 508 2505 mitto,
526 2428 567 2493 de
587 2433 688 2511 gestu
711 2446 818 2513 pauca
838 2426 959 2491 dicam.
984 2424 1206 2509 Praecipuum
1226 2424 1319 2491 enim
1332 2442 1372 2490 ac

199 2520 425 2589 certissimum
451 2524 648 2590 imitationis
675 2524 740 2591 hoc
763 2529 1006 2607 argumentum
1022 2541 1096 2588 esse
1119 2523 1262 2601 videtur,
1281 2520 1372 2605 quod

199 2636 258 2703 pes
279 2620 380 2698 idem,
398 2622 532 2688 sinister
550 2622 685 2706 scilicet,
711 2624 746 2689 in
768 2622 935 2707 aegyptiis
952 2621 1149 2705 graeciaque
1181 2620 1372 2686 simulacris

200 2721 251 2779 est
265 2723 460 2799 promotus:
487 2718 673 2803 quinetiam
688 2719 743 2785 hic
757 2719 892 2784 habitus
915 2736 935 2782 a
957 2716 1159 2783 Graecorum
1184 2734 1250 2781 usu
1271 2722 1373 2800 atque

197 2814 363 2897 religione
377 2816 525 2894 dissidet,
550 2818 609 2902 qui
631 2819 783 2883 faustum
800 2834 874 2883 esse
899 2814 1077 2880 credebant
1101 2819 1139 2879 ut
1152 2814 1272 2879 dextro
1287 2812 1372 2896 pede

212 2914 458 2994 ngrederentur
485 2916 540 2999 (l).
564 2915 690 2983 Verum
718 2934 820 3000 supra
844 2916 918 2997 jam
939 2913 1161 2979 animadverti
1190 2912 1372 2977 simulacra

199 3029 267 3075 non
281 3012 423 3090 moveri,
439 3013 498 3078 sed
514 3020 613 3092 stare,
631 3033 700 3080 non
715 3014 881 3090 incedere,
893 3012 952 3076 sed
966 3016 1164 3094 ingressura
1179 3028 1253 3075 esse
1266 3030 1274 3085 ;
1286 3010 1370 3091 iam,

201 3109 229 3172 si
249 3109 368 3174 dextro
385 3111 469 3193 pede
485 3130 585 3195 poree
609 3114 772 3191 incedere,
798 3115 857 3176 aut
875 3112 1013 3193 iunctos
1033 3127 1108 3175 esse
1129 3109 1230 3193 pedes
1257 3108 1370 3183 ambo,

201 3214 259 3272 aut
280 3209 457 3274 sinistrum
480 3217 676 3295 promotum
700 3229 774 3278 esse
795 3214 939 3293 oportet,
965 3228 1032 3292 quo
1059 3209 1197 3274 interim
1223 3207 1371 3273 insistas.

201 3305 359 3385 Quocirca
373 3314 490 3390 gestus
505 3310 735 3394 seperatimin
753 3314 896 3391 utraque
918 3314 990 3373 arte
1012 3308 1122 3391 potuit
1143 3306 1297 3373 inveniri.
1325 3303 1372 3369 Ea

203 3422 338 3489 quoque
365 3424 465 3472 causa
491 3414 543 3473 est
562 3426 632 3486 cur,
661 3409 697 3473 in
731 3415 888 3489 utreque,
917 3405 1029 3471 soleae
1057 3405 1177 3472 ambae
1204 3407 1276 3471 solo
1302 3402 1372 3468 sint

203 3502 336 3569 aiflxee.

242 3599 368 3685 ltaque,
402 3620 480 3667 cum
507 3604 647 3689 propius
660 3604 864 3690 penitusque
878 3603 1078 3687 inspexeris,
1093 3600 1272 3668 imitationi
1287 3600 1373 3665 mul·

203 3700 276 3761 tum
293 3697 432 3776 adimes,
447 3701 538 3783 quod
553 3700 691 3767 dederes
710 3706 825 3787 prius:
854 3702 918 3785 hoc
940 3702 1078 3787 quidem
1101 3699 1308 3784 propositam
1331 3698 1373 3764 de

204 3793 393 3861 simulacris
411 3797 546 3863 deliacis
560 3800 756 3883 opinionem
770 3802 961 3867 confirmat.

243 3890 308 3958 Sed
321 3900 435 3960 tamen
449 3902 542 3975 esto;
558 3895 671 3964 Graeci
689 3905 873 3983 utrumque
899 3905 1019 3983 typum
1041 3900 1083 3963 ab
1111 3896 1285 3981 Aegyptiis
1308 3895 1372 3961 ad·

203 3992 422 4074 sumpserint,
450 3995 581 4060 ertitlcii
610 3997 777 4064 rationem
811 3998 1002 4075 didicerint3
1029 4014 1111 4077 erga
1140 3999 1373 4080 praeceptores

203 4104 282 4163 euos
297 4093 365 4153 tem
379 4089 483 4155 libere
493 4092 598 4174 igitur
608 4111 644 4159 se
654 4101 846 4176 gesserunt,
867 4101 907 4159 ut
919 4094 1091 4178 proposita
1101 4092 1256 4176 exempla
1266 4108 1374 4175 paene

203 4184 237 4249 in
248 4186 406 4252 omnibus
419 4188 652 4271 immutarent,
669 4200 848 4277 praecepta
858 4210 997 4277 perraro
1005 4197 1238 4276 sequerentur,
1247 4190 1374 4273 saepie-

240 4372 279 4447 (l)
293 4374 324 4431 ld
335 4391 369 4432 ex
381 4375 507 4435 Vitruvio
522 4378 638 4507 colligo,
652 4380 700 4455 qui
713 4380 756 4437 ita
764 4380 877 4454 scripsit
886 4380 940 4454 (nr,
953 4376 1137 4464 liredredus
1148 4376 1179 4435 in
1188 4378 1284 4435 trente
1292 4380 1377 4453 (tcm-

207 4444 333 4571 plorum)
353 4447 394 4503 ita
416 4448 577 4507 constituen
623 4456 698 4523 sunt,
715 4456 747 4509 ut
766 4452 823 4509 sint
842 4468 960 4537 semper
982 4466 1124 4526 tmperss;
1150 4466 1289 4525 namque,
1308 4465 1375 4506 cum

207 4520 408 4660 pgiggdffdss
428 4519 538 4594 primus
563 4523 671 4597 gradus
695 4524 878 4595 moneatur,
905 4527 978 4583 rtem
996 4524 1029 4581 ln
1053 4537 1166 4581 summo
1186 4521 1298 4597 primus
1320 4520 1377 4578 erit
