3534 5617
929 649 1109 724 ..20-

461 820 580 887 Omnia
609 832 711 888 veras
726 820 945 905 amplitudini
958 818 1321 909 fereaequlparantur3
1353 822 1477 909 qnippe
1495 845 1597 910 quae,

420 920 1601 1007 capitis,crurumque‚agenu,expertla,0m.9tceut.slntalta;inte.

421 1036 484 1102 gra
497 1024 612 1085 autem
626 1020 668 1085 ad
683 1024 697 1084 1
718 1038 765 1086 m.
788 1022 828 1084 60
842 1024 929 1085 cont.
941 1018 1117 1086 debuerint
1143 1019 1310 1085 accedere.
1325 1019 1444 1086 Omnia
1459 1040 1597 1106 quoque

421 1118 550 1185 cladem
575 1118 729 1184 eamdem
759 1135 918 1203 perpessa
946 1121 1048 1184 sunt:
1069 1135 1149 1183 nam
1171 1117 1305 1196 desunt,
1334 1137 1413 1184 cum
1439 1120 1547 1203 capite
1560 1124 1597 1187 ct

420 1216 573 1301 pedibus,
589 1222 733 1302 utraque
747 1234 837 1295 sura,
853 1216 990 1283 brachia
1003 1217 1104 1282 cmbo
1120 1217 1273 1301 (sinistro
1296 1216 1367 1282 iere
1389 1218 1454 1283 sub
1479 1218 1593 1297 axilla,

421 1317 540 1381 dextro
554 1316 642 1381 intra
656 1316 808 1381 cubitum
825 1315 1025 1399 amputato),
1046 1316 1139 1400 pollii
1161 1315 1305 1380 extremi
1325 1332 1462 1395 cornua,
1487 1319 1591 1385 vestis

421 1414 458 1480 in
471 1430 595 1479 manus
610 1416 768 1482 collectae
782 1406 955 1482 contortus
969 1414 1068 1479 lascis
1088 1414 1340 1500 pendentesque
1364 1414 1478 1494 sinus;
1501 1422 1588 1484 oete·

421 1530 500 1579 rum
515 1514 591 1597 plus
605 1514 761 1581 minusve
776 1513 889 1579 attrita
903 1532 1067 1599 erosaque
1081 1516 1172 1579 sunt.

462 1612 645 1695 descriptio
658 1612 741 1678 haec
755 1618 815 1678 est.
828 1612 947 1678 Mulier
960 1618 1116 1697 aspectus
1137 1613 1300 1695 dignitate
1316 1612 1502 1691 honestior,
1517 1631 1591 1680 cor·

422 1710 514 1795 poris
529 1711 728 1795 proceritate
742 1730 780 1776 ec
795 1712 917 1778 robore
929 1710 1083 1794 insignis,
1100 1717 1166 1776 stat
1179 1716 1280 1788 recia,
1292 1712 1495 1791 immobilis3
1510 1710 1590 1779 utri·

424 1827 490 1893 que
511 1808 624 1875 soleae
638 1810 780 1875 firmiter
793 1810 922 1886 innixa,
936 1810 1090 1875 cruribus
1104 1810 1229 1894 pariter
1244 1810 1381 1886 insistit,
1398 1826 1593 1895 quanquam

430 1908 691 1990 leovumpedem
698 1912 884 1992 promovet,
892 1909 1050 1974 dextrum
1059 1908 1392 1991 paululumrotrehit,
1400 1908 1592 1977 incessurae

424 2006 536 2088 potius
550 2024 653 2091 quam
666 2005 832 2073 incedenti
846 2008 977 2073 similis.
994 2006 1142 2072 Brachiis
1167 2006 1311 2085 amissis,
1327 2008 1462 2073 humeri
1476 2014 1590 2074 tamen

422 2105 525 2170 ductu
541 2110 574 2170 et
589 2123 629 2169 ea
643 2124 728 2190 quea
743 2110 898 2188 superest
921 2111 1015 2189 parte
1037 2112 1154 2187 gestus
1176 2104 1353 2189 utriusque
1376 2107 1590 2173 demonstre-

424 2204 489 2265 tur.
515 2200 644 2269 Scilicet
668 2204 837 2285 dextrum,
863 2204 975 2279 cubito
1000 2209 1110 2281 tenus,
1128 2204 1261 2287 pendet,
1283 2204 1402 2270 delude
1425 2205 1587 2272 inflexum

423 2300 650 2383 protenditur;
667 2318 788 2365 manus
814 2304 1018 2385 semiaperto
1032 2308 1093 2378 est,
1112 2302 1159 2366 ita
1177 2306 1214 2367 ut
1231 2302 1344 2385 pollex
1357 2302 1503 2369 indicem
1516 2305 1585 2371 fera

422 2398 606 2480 contingat,
632 2403 666 2466 et
688 2398 815 2482 insigni
828 2400 978 2482 gerendo
993 2399 1114 2465 habilis
1125 2424 1134 2479 ;
1145 2399 1203 2465 sed
1219 2401 1335 2465 miuus
1347 2402 1455 2485 liquet
1473 2410 1588 2468 utrum

422 2506 532 2563 erecta
546 2498 656 2576 luerit,
666 2506 703 2564 ut
717 2499 752 2563 in
763 2500 880 2564 multis
895 2500 1014 2564 statuis
1026 2499 1238 2582 conspicitur,
1253 2516 1339 2583 quae
1348 2500 1468 2565 liorem
1478 2502 1588 2566 osten·

421 2602 512 2676 tent;
536 2617 581 2661 an
606 2598 737 2681 supina,
764 2603 927 2681 tanquam
945 2600 981 2663 in
1008 2598 1076 2662 illis
1106 2616 1193 2683 qnae
1222 2603 1374 2680 pateram
1400 2600 1587 2683 proterunt.

422 2696 602 2763 Sinistrum
618 2715 698 2762 vero
712 2696 887 2761 brachium
902 2697 1086 2762 demissum
1101 2698 1165 2763 fuit
1179 2698 1394 2782 suaviterque
1415 2698 1452 2763 in
1474 2700 1589 2764 orbem

422 2803 551 2871 actum3
567 2813 689 2860 manus
704 2795 845 2879 pallium
860 2796 1034 2877 eleganter
1047 2795 1230 2861 adductum
1244 2797 1442 2862 sustinebat.

462 2893 569 2976 Caput·
584 2892 670 2975 [Tab.
687 2912 720 2970 v,
737 2893 777 2975 l),
793 2894 904 2976 quoad
919 2913 962 2959 ex
975 2912 1044 2959 uno
1058 2893 1148 2978 quod
1162 2900 1335 2960 servatum
1349 2901 1400 2959 est
1413 2895 1588 2978 (l)judico,

421 2996 460 3057 ut
474 3009 595 3074 corpus
609 2990 733 3074 ipsum,
756 2992 936 3057 adversum
955 2996 1054 3075 plane
1068 3010 1105 3056 se
1125 2992 1234 3057 offert.
1260 2991 1318 3057 Cui
1331 3011 1429 3058 coma
1456 3011 1589 3059 summa

421 3096 492 3156 arte
527 3094 628 3174 atque
658 3089 825 3172 elegantia
854 3097 1001 3174 compta,
1030 3087 1289 3172 diligentissime
1316 3090 1357 3155 ab
1380 3091 1507 3156 artiiioe
1536 3096 1585 3155 est

420 3204 600 3271 expressa:
616 3205 707 3263 nam,
723 3206 811 3271 pone
838 3189 957 3263 effusa,
974 3189 1069 3270 largo
1084 3189 1303 3272 llcxuosoque
1320 3188 1462 3254 flumine
1481 3208 1587 3254 exun-

418 3287 475 3351 dat
489 3290 521 3351 et
535 3286 622 3349 inire
637 3285 791 3369 scapulas
805 3283 995 3363 descendit,
1012 3286 1077 3350 alia
1090 3292 1197 3370 parte,
1208 3291 1368 3370 quattuor
1383 3286 1460 3369 plus
1475 3288 1587 3352 minus

419 3384 619 3469 capillorum
633 3385 766 3449 ordines
781 3386 835 3451 vel
849 3386 946 3469 quasi
960 3385 1130 3463 anniculi,
1143 3386 1184 3450 ab
1198 3404 1279 3451 aure
1290 3404 1426 3453 summo
1435 3385 1586 3467 derivati,

419 3502 480 3567 per
504 3482 664 3548 humeros
684 3488 866 3567 pectusque
891 3491 1040 3567 serpunt.
1065 3483 1225 3549 Frontem
1255 3481 1398 3549 cincinni
1422 3484 1586 3549 elaborato

420 3580 635 3647 calamistrati
654 3585 688 3646 et
709 3580 744 3645 in
759 3581 926 3665 duplicem
945 3580 1090 3665 gradum
1111 3582 1287 3665 compositi
1301 3588 1478 3661 coronant;
1503 3600 1585 3666 quos

419 3682 536 3746 dextra
564 3680 725 3763 laevaque
748 3678 815 3745 duo
839 3716 876 3728 -
902 3679 1022 3763 gelboe
1042 3681 1139 3747 liceat
1159 3681 1268 3747 dicere
1289 3718 1330 3729 -
1350 3707 1367 3741 «
1383 3682 1554 3768 baudocus
1566 3707 1582 3740 o

419 3780 645 3862 intercipiunt,
664 3780 704 3843 iis
720 3780 790 3845 lere
804 3780 928 3845 similia
948 3781 1091 3864 quaein
1114 3781 1277 3848 eleusinio
1300 3782 1406 3865 capite
1429 3790 1464 3847 et
1489 3782 1584 3847 attico
1604 3798 1608 3805 ’

421 3880 526 3944 altero
545 3882 726 3942 occurrunt
741 3878 793 3961 (2).
818 3876 1009 3944 Diademate
1033 3887 1134 3964 capnt
1156 3886 1208 3945 est
1230 3880 1440 3962 redimitum
1464 3881 1501 3946 in
1522 3899 1584 3965 quo

420 3976 554 4040 nullum
567 3972 751 4058 applicatae
770 3976 924 4042 bracteae
945 3979 999 4044 vel
1019 3978 1113 4043 altlxi
1135 3977 1264 4043 metalli
1287 3978 1469 4060 vestigium
1484 3997 1584 4062 appa·

420 4079 484 4152 ret,
508 4072 680 4139 anthemio
701 4078 760 4138 aut
784 4072 850 4138 alia
875 4073 1073 4159 hujusmodi
1100 4081 1299 4141 ornamenta
1323 4073 1453 4160 depicta
1485 4073 1585 4142 fuisse

456 4261 494 4337 (1)
507 4258 608 4332 Caput,
625 4256 702 4332 quod
717 4258 821 4317 eadem
834 4257 934 4319 tabula
951 4265 1023 4320 2est
1035 4278 1211 4335 expressum,
1238 4261 1396 4318 femineum
1419 4279 1481 4319 esse
1508 4261 1582 4320 nure

419 4332 567 4404 waengler
586 4332 722 4403 opinatur
741 4333 769 4388 et
793 4332 879 4389 simili
905 4334 1021 4392 cuidam
1044 4340 1155 4392 statues
1173 4334 1315 4403 attribuit,
1343 4350 1398 4405 ego
1431 4349 1484 4406 pro
1511 4332 1581 4391 virili

420 4404 624 4477 interpretatus
643 4418 708 4457 sum
731 4408 759 4460 et
781 4406 948 4462 etiamnunc
967 4408 1044 4463 inter
1065 4411 1151 4463 rator.
1170 4406 1250 4463 Arcti.
1276 4410 1353 4475 Zeti,
1369 4408 1448 4475 1882,
1461 4422 1494 4479 p.
1524 4408 1580 4474 326,

422 4498 452 4536 n,
464 4480 491 4535 6.
508 4505 543 4516 -
557 4474 630 4529 Bull.
651 4472 684 4529 de
703 4474 777 4532 Gerr.
789 4478 897 4548 delita,
915 4481 993 4549 1879,
1011 4424 1071 4535 tufi.
1083 4494 1146 4547 vu1;
1163 4481 1241 4546 1880,
1253 4493 1281 4549 p.
1297 4480 1330 4533 35
1343 4494 1406 4549 sqq.

457 4550 495 4624 (1)
515 4545 605 4627 Ἐφημ.
620 4549 703 4627 ’1ρχ.,
725 4546 897 4619 1888111111).
912 4563 941 4619 ν,
959 4566 998 4608 11.
1013 4580 1049 4595 -·
1065 4550 1132 4607 Alia
1149 4549 1233 4605 mitto
1244 4548 1312 4605 satis
1325 4548 1426 4605 multu.
