3534 5617
708 642 876 711 ..33-

197 806 405 881 necessaria;
431 806 571 888 pallium
586 825 675 881 vero,
701 807 898 873 adventicia.
923 807 1008 885 Quin
1034 806 1124 872 idem
1143 809 1213 873 lere
1236 810 1368 889 figurae

197 905 363 981 ambitus3
380 921 461 968 nam
484 904 662 969 constricta
681 906 782 988 pallio
804 926 902 972 crura
921 913 955 971 et
972 906 1134 989 paulatim
1156 912 1367 971 attenuatum

197 1002 356 1067 deorsum
367 1020 485 1068 versus
496 1002 715 1067 simulacrum
730 1005 764 1068 in
775 1004 930 1070 eamdem
941 1005 1010 1069 lere
1024 1005 1168 1069 lormam
1179 1024 1216 1068 ac
1230 1005 1369 1084 signum

200 1100 224 1165 V
235 1099 326 1183 (Tab.
339 1099 397 1181 Ill)
407 1099 564 1165 desinunt
572 1121 580 1178 ;
593 1101 771 1185 pendentia
781 1122 861 1167 vcro
873 1103 1044 1185 utrimque
1054 1103 1147 1185 pallii
1158 1120 1284 1167 cornua
1291 1121 1370 1186 qua·

198 1200 328 1264 dratam
359 1202 392 1261 et
420 1197 595 1262 dilatatam
615 1197 703 1263 inira
727 1200 873 1281 liguram
903 1200 1100 1275 officiante
1121 1202 1219 1281 siguo
1242 1200 1271 1264 ll
1300 1218 1368 1265 non

197 1297 355 1361 alienam.
618 1365 620 1371 ,

235 1395 310 1461 Jam
324 1393 390 1458 alia
402 1394 526 1459 textilis
545 1395 674 1461 indoles
690 1414 763 1462 esse
776 1397 920 1472 videtur,
930 1397 998 1462 illic
1013 1398 1120 1482 spissa
1136 1400 1299 1482 duraque,
1314 1398 1368 1461 bic

199 1494 330 1560 subtilis
344 1513 383 1559 ac
396 1494 593 1570 tractabilis;
611 1496 675 1560 alia
690 1499 820 1563 tunicae
835 1498 1024 1580 descriptio,
1042 1516 1127 1582 quae
1145 1504 1217 1563 tum
1232 1497 1367 1581 corpori

195 1594 364 1664 adhaeret,
391 1598 463 1658 tum
486 1592 564 1657 laxa
587 1594 720 1671 delinit;
744 1594 884 1677 pallium
910 1595 1055 1679 denique
1082 1601 1140 1660 aut
1169 1596 1274 1668 deest,
1303 1600 1365 1659 aut

199 1691 446 1774 adjectumast.

238 1790 339 1875 Atqui
367 1791 507 1874 pallium
522 1812 562 1858 aa
583 1794 763 1875 astrosus,
784 1813 870 1877 quoe
885 1795 927 1860 ad
949 1800 1083 1878 tempus
1106 1800 1141 1860 et
1168 1797 1323 1859 sumatur
1338 1798 1372 1857 at

198 1890 433 1975 relinquatur;
457 1892 580 1975 itaque,
605 1894 645 1972 si,
671 1896 1014 1978 cumamplissimnm
1035 1901 1136 1972 esset,
1163 1895 1260 1975 rugis
1275 1893 1370 1957 intri-

199 1994 322 2066 catum,
336 1989 418 2054 illud
441 1991 555 2054 minus
570 1992 666 2057 facile
680 1992 823 2057 artissces
839 1994 1083 2076 exprimebant,
1104 1998 1297 2075 potuerunt,
1312 1990 1371 2054 illo

199 2089 334 2165 omisso,
352 2089 538 2171 imperitiae
552 2090 740 2171 indulgere.
756 2090 825 2155 Hoc
838 2097 952 2156 tamen
962 2110 1030 2155 non
1046 2095 1203 2173 congruit
1216 2108 1294 2154 cum
1307 2108 1370 2152 ve·

200 2188 306 2250 ritatls
321 2187 430 2251 studio
445 2206 511 2270 quo
533 2190 764 2271 praestabant;
782 2208 891 2273 neque
906 2190 997 2273 pallii
1013 2190 1107 2254 labor
1122 2189 1294 2272 operosior
1308 2187 1371 2251 tuit

200 2303 302 2367 quam
332 2286 473 2362 tunicae,
500 2304 577 2349 cum
605 2292 786 2370 utrumque
812 2288 937 2370 pariter
963 2288 999 2351 in
1024 2288 1214 2352 simulacris
1236 2286 1369 2366 rigeat:

200 2383 290 2466 quod
309 2382 444 2465 quidem
459 2382 571 2448 Samia
584 2381 600 2447 J
605 2402 672 2449 rino
687 2384 896 2449 demonstrat
909 2386 967 2467 (t),
979 2391 1012 2451 et
1022 2387 1151 2469 aliquot
1161 2384 1345 2465 anaglypta
1361 2404 1369 2459 ;

201 2499 242 2545 ox
263 2482 352 2545 vasis
380 2482 483 2546 etiam
515 2481 653 2565 depictis
676 2483 824 2565 plurima
846 2484 1001 2565 exempla
1031 2484 1222 2567 depromas.
1246 2481 1373 2547 Verum

201 2578 346 2642 etiamsi
366 2578 483 2661 priscis
501 2579 709 2661 temporibus
724 2580 822 2644 lanea
843 2580 1059 2662 potissimum
1074 2581 1244 2663 densaque
1260 2578 1372 2641 tunica

200 2676 428 2754 adhibebatur,
457 2676 570 2740 minus
594 2681 667 2740 tum
688 2677 790 2759 pallio
805 2696 891 2759 opus
907 2678 981 2753 fuit,
998 2677 1139 2761 ideoque
1150 2698 1171 2741 a
1185 2675 1374 2742 simulacris

201 2774 414 2857 aberat‚quae
423 2780 580 2839 naturam
591 2775 767 2839 verissime
780 2775 999 2840 imitabantur
1012 2796 1019 2838 :
1031 2777 1113 2861 quid
1124 2778 1214 2859 quod
1223 2775 1258 2838 in
1270 2774 1372 2849 vasis,

202 2891 288 2958 quae
299 2872 894 2957 dicuntur,corinthiacis,solatunlca
905 2875 1100 2957 saepissime
1115 2873 1294 2957 conspicua
1302 2874 1373 2936 esti

242 2970 276 3037 Si
290 2971 616 3037 concesserislaneas
626 2972 775 3056 primum
786 2978 907 3047 vestes,
925 2972 1045 3037 linteas
1059 2973 1178 3039 deinde
1192 2972 1371 3056 placuisse,

200 3069 369 3153 intelliges
383 3070 417 3134 in
432 3070 484 3134 bis
498 3070 632 3155 illisque
647 3070 874 3155 exprimendis
897 3072 1042 3137 urtillces
1065 3073 1299 3137 consuetudini
1313 3094 1371 3155 pa·

201 3168 283 3233 riter
297 3168 581 3251 obtemperavisse
597 3188 605 3245 ;
630 3169 746 3235 eadem
761 3174 875 3232 autem
896 3169 973 3250 lege
1000 3175 1073 3234 tum
1088 3175 1280 3251 angustam,
1299 3177 1372 3234 tum

202 3268 364 3332 fluentem
380 3265 526 3331 tunicam
542 3266 734 3332 effecerunt.

203 3358 208 3373 ¹
244 3364 309 3431 Sed
327 3370 483 3449 aspectus
505 3365 680 3431 diversitas
693 3366 735 3430 ab
758 3365 927 3431 artificum
950 3367 1128 3449 prudentia
1151 3386 1190 3431 ac
1215 3367 1375 3431 facultate

204 3463 418 3548 potissimum
438 3465 570 3546 pendet,
590 3483 687 3547 quae,
711 3465 747 3529 iu
773 3465 844 3529 dies
858 3465 969 3545 magis
988 3467 1169 3530 exercitata
1194 3486 1232 3530 ac
1253 3466 1376 3531 melius

204 3562 1379 3646 instructu,scuipandirationememendabat.Namconsuetudofrustra

204 3661 246 3726 ad
288 3662 459 3726 luxuriem
494 3680 655 3727 conversa
689 3669 786 3741 esset,
825 3664 951 3727 trustra
988 3663 1197 3727 elaboratum
1242 3681 1379 3746 compo·

204 3760 307 3825 nendi
321 3760 463 3825 amictus
479 3761 639 3837 studium,
655 3766 688 3827 et
699 3762 882 3845 pellucidae
896 3762 1010 3840 rastis,
1024 3763 1158 3827 fluentis
1173 3763 1305 3827 tunicae
1321 3764 1376 3827 de-

205 3860 300 3924 licias
313 3859 493 3937 intulisset,
517 3861 582 3925 nisi
607 3860 726 3925 eodem
752 3866 900 3943 tempore
925 3861 1099 3944 sculpendi
1125 3861 1210 3925 ratio
1234 3860 1379 3944 perlecta

209 3963 312 4022 esset.
336 3955 487 4022 Primum
510 3958 626 4038 igitur,
656 3964 847 4022 commento
865 3959 1013 4043 quodam
1033 3959 1097 4038 usi,
1112 3960 1255 4024 artifices
1277 3960 1379 4025 vcsti-

205 4056 312 4121 menti
325 4055 502 4121 circuitum
514 4056 627 4134 modo,
643 4074 711 4120 non
729 4056 837 4121 flexus
851 4056 1071 4121 imitabantur
1085 4076 1093 4133 ;
1105 4057 1224 4121 deiude
1238 4062 1377 4121 natura·

206 4155 275 4219 lem
290 4154 393 4219 etiam
411 4153 633 4219 subtilitatem
646 4158 837 4238 exprimere
851 4160 931 4219 sunt
946 4155 1065 4227 conati.
1082 4161 1155 4219 tum
1169 4173 1283 4219 merae
1297 4154 1383 4219 dali-

208 4252 373 4319 ueationis
387 4258 506 4329 tractu,
524 4257 597 4317 tum
611 4253 790 4318 marmoris
806 4253 907 4318 etiam
922 4254 1056 4319 sinuato
1071 4254 1211 4319 ambitu.

243 4417 282 4491 ll)
296 4416 340 4475 Ab
356 4415 448 4475 amico
461 4418 492 4475 P.
511 4416 629 4474 Girardo
645 4419 688 4473 est
701 4416 828 4483 inventa,
858 4415 965 4473 deinde
979 4416 1010 4473 in
1024 4418 1096 4474 ant.
1122 4418 1155 4473 de
1168 4417 1246 4474 Gorr.
1266 4416 1381 4484 bellan.¹

212 4490 292 4618 18ῗὲἓέ
295 4488 546 4619 etapplpatpprursnp.
555 4492 606 4546 483
614 4506 677 4563 sqq.
682 4530 689 4559 ‚
697 4488 802 4563 publici
814 4490 888 4562 juris
898 4489 984 4558 lacta,
996 4489 1116 4545 modom
1124 4488 1154 4544 in
1166 4489 1293 4583 Muscam
1304 4488 1384 4545 Pari·

1277 4678 1291 4723 ³
