3534 5617
907 654 1137 736 -36-‘

454 850 480 895 c.
497 830 666 896 Inferioris
688 832 818 914 figurae
848 831 1069 918 descriptione
1092 833 1194 899 etiam
1218 834 1405 899 recentiora
1427 832 1578 917 priorum

415 928 540 1012 aliquid
555 931 700 995 retinent
717 950 724 1007 ;

453 1028 484 1091 d.
502 1028 637 1093 Habitus
651 1049 784 1115 quoque
801 1032 894 1114 rigor
912 1050 981 1098 non
994 1031 1133 1098 omnino
1147 1030 1322 1108 obsolevit,
1336 1031 1396 1097 sed
1409 1030 1580 1097 interdum

414 1125 449 1189 in
463 1126 598 1210 optimis
610 1128 812 1195 admiscetur
827 1152 835 1205 ;

452 1243 478 1287 e.
497 1223 633 1290 Laboris
648 1228 791 1312 denique
804 1229 902 1306 ratio,
917 1248 1111 1314 quanquam
1125 1229 1272 1313 perlecta
1284 1233 1347 1300 est,
1359 1228 1478 1294 eadem
1493 1227 1578 1294 obti-

413 1323 496 1387 nuit.
513 1322 609 1406 Lapis
619 1323 710 1388 enim
725 1324 873 1407 primum
884 1325 919 1388 in
934 1326 1081 1407 liguram
1095 1326 1296 1391 caedebatur
1305 1324 1440 1390 futurae
1449 1332 1579 1389 statuae

411 1422 694 1487 accommodatam
711 1445 719 1499 ;
738 1428 852 1506 postea
866 1423 944 1488 inde
957 1429 1088 1489 tantum
1115 1424 1341 1499 auferebatur,
1367 1430 1407 1488 ut
1420 1423 1578 1488 circuitus

413 1518 665 1597 describeretur,
680 1526 714 1585 et
724 1539 764 1586 ea
778 1540 864 1605 quae
877 1521 995 1601 gallica
1009 1546 1024 1583 u
1036 1522 1157 1605 ploras»
1173 1522 1316 1588 dicimus
1326 1542 1335 1602 3
1344 1527 1419 1587 tum
1428 1524 1578 1586 accurate

411 1616 542 1681 minuta
555 1635 707 1701 quaeque
721 1617 1007 1701 exprimebantur,
1016 1620 1064 1684 ita
1078 1626 1192 1685 tamen
1208 1625 1245 1684 ut
1260 1619 1318 1685 ille
1332 1618 1507 1699 circuitus,
1521 1618 1576 1682 illa

414 1740 430 1773 «
442 1722 538 1799 ptum
551 1742 567 1773 »
592 1718 707 1781 oculos
729 1717 941 1801 potissimum
963 1719 1187 1802 impellerent,
1209 1718 1334 1783 horum
1358 1717 1472 1783 minor
1495 1716 1578 1781 ratio

410 1812 598 1879 haberetur.
617 1813 741 1879 ldoirco
756 1821 790 1879 et
800 1814 916 1880 labore
929 1820 963 1879 et
976 1821 1113 1898 aspectu
1128 1815 1230 1881 etiam
1254 1815 1421 1899 quaedam
1435 1819 1508 1879 erat
1522 1833 1578 1879 oo-

411 1913 525 1993 gnatio
539 1913 626 1977 inter
639 1912 871 1996 antiquissima
894 1913 1072 1978 simulacra
1093 1914 1356 1997 recentiumque,
1386 1930 1578 1997 quanquam

410 2010 467 2074 illa
479 2010 514 2073 in
536 2012 647 2095 priore
670 2010 863 2094 disciplinae
878 2017 972 2093 parte
998 2011 1237 2090 consistebant,
1251 2011 1287 2075 in
1306 2011 1451 2093 singulis
1466 2011 1578 2076 minus

410 2107 580 2174 elaborata
595 2118 702 2175 erant.

450 2204 539 2283 Quae
562 2224 639 2271 cum
661 2208 706 2273 ita
733 2208 811 2282 sint,
835 2208 907 2291 typi
936 2206 1153 2284 informandi,
1178 2206 1259 2272 artis
1281 2204 1458 2288 augendae
1480 2210 1577 2270 tenor

409 2304 465 2369 vix
479 2306 708 2388 intercipitur3
724 2326 804 2373 nam
819 2326 905 2391 quae
927 2326 995 2372 non
1011 2324 1125 2373 otram
1138 2305 1364 2372 ostenduntur
1377 2304 1575 2380 simulacris,

410 2421 449 2467 eo
462 2410 575 2469 mente
586 2408 681 2488 quasi
696 2405 901 2488 praesentire
913 2422 953 2469 ac
966 2404 1164 2470 subodorari
1178 2404 1266 2469 licet.

448 2500 531 2579 Quid
542 2503 581 2578 si,
593 2504 732 2569 lacunae
742 2502 949 2588 supplendae
959 2522 1071 2579 causa,
1082 2503 1309 2569 adsumuntur
1321 2502 1457 2569 aliunde
1471 2502 1576 2566 simu-

408 2598 497 2663 laora
511 2602 526 2662 ‘l
539 2602 688 2685 Namque
702 2602 811 2683 virgo,
828 2620 915 2685 quae
929 2599 1054 2666 Romae
1068 2600 1104 2665 in
1121 2602 1290 2665 Aventino
1304 2606 1356 2665 ast
1370 2600 1508 2665 inventa
1521 2601 1576 2681 (l),

408 2703 442 2761 et
456 2698 562 2777 signa,
572 2716 657 2781 quae
667 2717 775 2782 nuper
785 2700 936 2765 Athenae
950 2703 984 2763 et
995 2697 1124 2764 Eleusis
1140 2698 1441 2782 suppeditaverunt
1450 2700 1578 2779 (2)cum

407 2796 648 2861 recentioribus
667 2798 760 2862 cultu
781 2803 882 2881 atque
908 2796 1024 2861 habitu
1058 2796 1249 2873 concinunt,
1277 2795 1336 2861 sed
1363 2803 1442 2861 sunt
1466 2796 1577 2860 labore

407 2895 515 2959 multo
530 2894 692 2962 duriores.
721 2896 806 2962 Sunt
820 2897 923 2961 etiam
947 2896 1122 2978 complura
1148 2895 1329 2959 simulacra
1351 2913 1370 2960 e
1392 2912 1572 2965 marmore,

407 2999 487 3056 sunt
500 2993 617 3074 tlglina
632 2997 800 3078 aeneaque
827 2994 950 3076 sigilla,
967 3012 1053 3077 quae
1068 2993 1229 3059 mulieres
1243 2992 1360 3058 babitu
1378 2992 1527 3074 rigentes
1545 2997 1578 3056 et

406 3096 505 3172 gestu
520 3090 697 3174 impeditas
715 3092 948 3157 immobilesve
967 3091 1159 3171 exhibeant,
1187 3091 1291 3156 vestis
1304 3089 1525 3156 subtilitatem
1538 3108 1576 3153 ac

406 3187 500 3252 sinus
515 3206 648 3255 summo
660 3188 770 3254 studio
786 3189 961 3253 imitentur
977 3209 985 3266 ;
1000 3190 1036 3252 in
1053 3189 1128 3253 aliis
1142 3193 1194 3254 est
1214 3206 1293 3252 cnm
1307 3187 1463 3252 liberiore
1477 3192 1576 3267 gesto

405 3286 508 3349 vestis
522 3287 615 3368 rigor
628 3290 844 3370 conjunctus:
860 3287 982 3353 idcirco
996 3289 1035 3352 tlt
1049 3287 1146 3372 quasi
1156 3290 1321 3373 perpetua
1334 3284 1572 3361 concatenatio,

405 3400 517 3465 neque
530 3384 639 3449 ullum
654 3385 746 3451 deest
760 3386 935 3451 vinculum
949 3386 1004 3469 (3).

444 3478 485 3544 Ut
504 3482 545 3547 ad
561 3481 686 3548 deliaca
695 3484 831 3550 redeam
845 3484 1036 3561 simulacra,
1047 3484 1111 3550 hoc
1126 3483 1228 3550 etiam
1241 3481 1441 3557 notaverim,
1460 3478 1573 3547 omnia

440 3834 476 3909 (l)
491 3835 589 3893 Bullet.
604 3835 676 3894 della
686 3834 892 3895 commiserat.
904 3848 1036 3893 muman.
1047 3833 1176 3903 diltomo,
1190 3834 1462 3908 tasnpplostot,
1474 3832 1534 3890 tab.
1546 3845 1573 3885 v.

403 3908 640 4035 (G.'Gberarsstllini,
655 3908 688 3964 Di
708 3926 765 3965 unu
775 3912 870 3965 statua
891 3914 1004 3965 arcaica
1016 3908 1082 3964 dell’
1095 3908 1248 3976 Aventino,
1264 3924 1281 3962 e
1301 3906 1432 3962 d'alcune
1453 3904 1529 3961 serie
1545 3902 1572 3959 di

401 3996 449 4035 scu
463 3984 552 4035 turae
588 3980 636 4035 ni.

447 4050 474 4121 Ἰ)
498 4052 588 4125 Έφημ.
602 3987 694 4133 ’,Αρχη
711 4052 789 4119 1883,
803 4052 862 4108 tab.
873 4068 923 4108 vin
939 4052 1038 4119 31884,
1052 4049 1110 4107 tab.
1125 4066 1182 4106 vrn.
1544 4116 1550 4129 ·

448 4122 475 4195 3)
494 4124 562 4177 Vide
576 4124 603 4179 in
622 4123 720 4195 primis
733 4124 894 4195 sigillorum
912 4119 1285 4248 Veneremerfrimeutiurn
1302 4119 1419 4187 seriem,
1440 4134 1527 4201 quam
1543 4134 1571 4173 tn

398 4194 493 4250 lduseo
509 4194 658 4250 Parisiensi
673 4196 828 4261 bohemum
845 4196 881 4251 de
895 4211 953 4267 qua
966 4195 1007 4251 sic
1021 4210 1091 4267 prae
1105 4198 1167 4249 atus
1186 4196 1229 4249 est
1242 4195 1275 4247 A.
1297 4190 1334 4247 de
1348 4192 1528 4263 Longperrer
1542 4189 1571 4243 in

398 4266 491 4323 Notion
512 4267 559 4323 des
581 4268 698 4323 Brouzos
723 4269 847 4335 antiques
874 4268 912 4322 du
935 4268 1023 4322 Museo
1038 4267 1163 4321 notionol
1185 4265 1224 4320 du
1242 4264 1347 4321 Louom
1359 4263 1452 4336 (1879)
1468 4278 1496 4387 Γ.
1513 4264 1567 4315 27:

398 4356 412 4385 u
425 4337 476 4393 Les
491 4336 596 4407 ligures
610 4336 646 4392 de
659 4338 750 4394 Venus
766 4348 816 4395 ont
828 4340 873 4393 ete
883 4339 1003 4393 claudes
1022 4336 1058 4392 de
1073 4336 1157 4405 lacon
1171 4340 1189 4392 a
1208 4346 1339 4391 montrer
1352 4336 1379 4389 le
1394 4333 1466 4389 deve
1478 4347 1568 4404 oppe-

397 4412 478 4463 ment
493 4410 528 4464 de
550 4410 622 4464 l'url.
649 4410 691 4466 0n
712 4410 770 4465 voit
790 4409 1032 4465 successivement
1053 4410 1093 4465 les
1108 4408 1174 4464 bras
1188 4424 1218 4463 se
1242 4406 1381 4462 demoliar
1395 4405 1433 4460 dn
1449 4420 1568 4477 corps...

400 4479 460 4549 puis
475 4480 525 4535 des
539 4481 624 4539 essais
639 4481 675 4537 de
690 4485 887 4550 mouvement,
905 4485 935 4537 et
945 4481 1025 4538 enlin
1041 4496 1098 4554 peu
1115 4482 1132 4535 t
1147 4495 1204 4553 peu
1220 4482 1385 4551 apparattre
1401 4474 1565 4532 l’imitation

396 4548 433 4605 ds
447 4551 476 4606 ld
488 4552 544 4608 lle.
561 4574 575 4603 n
