3534 5617
904 659 1088 729 ..52-

407 828 472 893 sscii
487 827 640 909 magistri
651 849 663 889 s
674 831 753 892 sunt
765 827 886 909 vocati,
900 827 996 892 idest
1009 828 1066 909 qui
1080 827 1142 891 deo
1154 827 1306 891 fecerunt
1317 845 1324 887 :
1334 824 1478 909 quisque
1491 824 1574 888 adeo

407 946 510 993 manu
525 927 611 1009 gerit
626 945 665 991 ea
680 944 764 1008 quae
779 925 943 990 dedicavit
956 945 1112 1003 munera;
1124 925 1266 1009 quisque
1280 943 1342 988 suo
1356 942 1453 988 more
1467 924 1571 987 vesti-

407 1029 462 1089 tus
477 1029 537 1089 est.
550 1022 639 1100 Quae
649 1023 784 1106 quidem
792 1022 905 1104 opinio
915 1022 1084 1086 difficilem
1099 1040 1179 1085 saue
1189 1021 1422 1105 quaestionem
1436 1021 1569 1085 enudat:

406 1141 496 1199 nam,
513 1140 591 1187 cum
608 1120 785 1185 simulacra
799 1121 918 1185 eodem
938 1121 1078 1185 artificio
1092 1120 1270 1194 elaborata,
1287 1120 1407 1185 eodem
1419 1124 1571 1201 tempore

409 1222 570 1299 coniecta,
584 1219 725 1285 vestitus
748 1216 992 1283 diversissimas
1012 1219 1159 1283 rationes
1175 1217 1368 1295 exhibeant,
1382 1217 1572 1282 sacerdotes

409 1320 485 1384 illos
508 1318 611 1383 luisse
632 1335 759 1394 omues,
782 1316 899 1381 habitu
919 1322 988 1380 tam
1011 1316 1144 1381 differre
1163 1316 1222 1382 vix
1242 1334 1350 1399 aequo
1365 1316 1481 1380 animo
1503 1333 1572 1380 ere-

409 1416 542 1482 dideris.

460 1514 553 1592 Quod
587 1514 628 1579 ad
664 1514 783 1580 Delum
812 1514 941 1592 attinet,
982 1513 1010 1577 si
1046 1513 1279 1597 inscriptiones
1306 1514 1409 1579 tidem
1436 1513 1574 1584 iaciunt.

407 1613 520 1678 minus
543 1613 597 1677 hic
618 1613 845 1678 sacerdotibus
873 1614 983 1678 ismae
1017 1619 1118 1696 atque
1144 1613 1352 1678 auctoritatis
1379 1630 1576 1677 concessum

408 1712 495 1791 iuit;
513 1711 636 1795 quippe
649 1730 795 1794 quorum
811 1711 846 1775 in
860 1712 965 1776 titulis
981 1711 1181 1788 honorariis,
1196 1712 1232 1775 in
1247 1711 1453 1795 templorum
1473 1710 1577 1775 ratio·

411 1810 521 1881 uibus.
535 1810 570 1873 in
585 1808 699 1893 populi
713 1817 918 1893 senatusque
939 1809 1079 1875 decretis
1095 1810 1224 1874 mentio
1257 1827 1395 1892 perraro
1411 1813 1575 1873 occurrat.

451 1910 523 1990 Age
537 1926 628 1983 vero,
645 1925 722 1971 cum
735 1907 905 1972 abundent
919 1907 1097 1971 simulacra
1109 1908 1312 1971 deliacorum
1325 1907 1458 1979 similia,
1475 1925 1577 1991 quam

410 2006 519 2071 multa
532 2013 610 2071 sunt
624 2025 710 2089 quae
724 2005 984 2070 sacerdotalibus
1010 2005 1144 2069 feminis
1168 2005 1353 2071 certissimo
1368 2005 1496 2088 judicio
1512 2005 1576 2069 siut

411 2104 594 2170 vindicata?
621 2103 655 2168 Si
682 2103 811 2168 novicia
836 2101 992 2186 excipias,
1022 2103 1078 2168 vix
1108 2121 1216 2167 unum
1239 2103 1293 2168 vel
1313 2103 1467 2167 alterum.
1493 2102 1576 2167 Nam

411 2203 508 2267 video
516 2221 580 2283 ego
591 2207 672 2284 quot
682 2219 806 2283 genera
817 2201 1028 2265 sacerdotum
1038 2200 1578 2283 ministrarumquedinumerave-

412 2301 455 2365 rit
477 2300 682 2378 Gherardini,
704 2300 948 2381 hydrophoros,
972 2299 1207 2382 arrhephoros,
1223 2298 1443 2381 canephoros,
1458 2299 1577 2363 anthe-

412 2398 537 2483 phoros
561 2403 594 2463 et
607 2416 749 2479 gregem
758 2415 895 2462 omnem
906 2397 1158 2461 hierodulorum
1171 2420 1180 2475 ;
1194 2414 1313 2461 verum
1328 2396 1458 2478 effigies
1472 2402 1580 2461 certas

414 2496 576 2561 desidero.
595 2495 714 2570 lmmo,
730 2496 879 2579 iuquam,
899 2495 988 2577 quod
1002 2494 1194 2575 dijudicanti
1216 2502 1468 2575 argumentum,
1492 2493 1583 2578 quod

416 2593 577 2659 indicium
592 2600 653 2671 est,
669 2611 753 2677 quae
783 2610 870 2676 spes,
900 2593 940 2667 si,
954 2598 993 2657 ut
1024 2593 1225 2667 conceditur,
1255 2593 1443 2657 sacerdotes
1463 2593 1583 2658 eodem

416 2692 509 2757 cultu
523 2692 706 2775 habituque
719 2710 758 2755 ae
770 2691 816 2755 dii
829 2690 894 2775 ipsi
909 2690 962 2756 vel
975 2692 1056 2755 deae
1069 2691 1287 2755 incedebant?
1360 2730 1365 2742 ·

456 2788 509 2854 Sic
518 2780 622 2870 igitur
636 2788 902 2854 concludendum
916 2806 993 2854 reor
1013 2809 1021 2851 ε
1045 2788 1317 2867 nec,sacerdotes
1340 2788 1370 2853 si
1398 2796 1487 2865 sunt,
1513 2791 1583 2856 ullo

417 2886 606 2953 discrimine
615 2885 689 2951 illas
703 2887 926 2952 suuminibus
940 2887 1083 2966 differre,
1107 2889 1366 2953 nessaeerdotes
1375 2888 1492 2972 utique
1507 2906 1582 2953 esse

416 2981 535 3047 videri.

457 3079 584 3145 Suntne
599 3098 681 3162 ergo
695 3080 853 3147 mulieres
881 3099 1008 3146 numen
1035 3081 1233 3148 adorantes?
1259 3082 1340 3149 llide
1361 3089 1474 3149 tamen
1496 3100 1582 3166 quae

418 3177 460 3241 sit
476 3179 646 3243 orantium
661 3180 797 3263 species,
814 3180 871 3263 qui
892 3180 1036 3245 habitus.
1052 3182 1136 3246 llam
1156 3182 1358 3266 ubicumque
1372 3183 1532 3247 mulieres
1547 3182 1582 3245 iu

417 3275 480 3341 hoc
496 3295 596 3361 opere
610 3278 792 3342 certissime
807 3286 994 3355 versantur,
1018 3286 1076 3343 ant
1090 3286 1199 3345 erecta
1215 3299 1350 3345 sursum
1379 3299 1494 3357 manu,
1524 3280 1582 3363 qui

419 3376 574 3460 proprius
589 3383 640 3441 est
665 3377 918 3460 adloquentium
945 3378 1272 3462 supplicandumque
1286 3386 1414 3460 gestus,
1430 3384 1489 3443 aut
1503 3397 1572 3461 pro·

419 3478 520 3551 tenta,
536 3480 574 3538 ut
587 3474 681 3539 decet
709 3474 899 3553 offerentes,
915 3475 1015 3539 allata
1028 3475 1115 3540 dona
1136 3482 1316 3541 ostentant.
1338 3476 1487 3541 Deliacos
1502 3495 1580 3542 vero

419 3576 560 3647 statuae,
590 3572 619 3637 si
646 3579 781 3654 gestum
803 3579 892 3638 recte
919 3574 1131 3656 interpretor,
1167 3575 1318 3658 accipere
1344 3574 1453 3656 magis
1479 3592 1580 3659 quam

419 3670 540 3735 offerre
554 3670 719 3749 videntur,
734 3678 794 3738 aut
809 3670 996 3755 majestatis
1023 3672 1136 3755 potius
1164 3672 1311 3755 insignia
1333 3691 1436 3756 quam
1449 3672 1580 3755 pietatis

418 3786 561 3835 munera
574 3787 703 3851 gerere.

459 3868 494 3933 Si
507 3885 615 3951 neque
642 3868 783 3934 deorum
809 3867 973 3933 ministris
1000 3886 1111 3952 neque
1133 3870 1306 3935 orantibus
1320 3874 1399 3934 sunt
1419 3869 1580 3935 adnume-

419 3965 588 4047 randae,e
612 3966 806 4031 mortalium
834 3967 971 4031 demum
994 3986 1135 4033 numero
1163 3986 1220 4033 eas
1248 3967 1351 4033 eximi
1365 3986 1503 4033 necesse
1519 3974 1580 4045 est,

419 4062 508 4128 inter
518 4064 657 4130 numina
672 4064 849 4131 recenseri.

460 4160 506 4227 Eo
522 4162 627 4245 igitur
640 4163 705 4229 lert
718 4163 889 4247 utrimque
903 4162 1194 4247 disputandiratio,
1204 4168 1242 4229 ut
1254 4162 1430 4231 credamus
1440 4162 1579 4242 divinas,

421 4280 490 4328 nou
518 4263 683 4329 humanas
710 4280 783 4329 esse
808 4281 865 4328 eas
887 4263 1029 4345 efligies,
1057 4282 1143 4346 quae
1170 4264 1463 4330 commentationis
1482 4264 1580 4347 turnus

420 4362 597 4427 materiem
611 4360 836 4446 suppeditant.
