3534 5617
906 656 1079 725 ..34-

447 824 559 906 ltaque
582 822 686 906 liquet
708 810 854 906 spatium
868 821 1027 906 temporis
1042 823 1123 887 satis
1137 820 1281 902 longum
1296 822 1384 885 inter
1397 820 1573 902 utriusque

407 921 538 1000 generis
562 920 739 983 simulacra
762 920 1000 1000 intercessisse,
1022 938 1089 1004 quo
1113 918 1320 984 consuetudo
1343 916 1508 983 vestiendi
1529 916 1573 980 sit

405 1018 590 1094 immutata,
607 1035 661 1081 ars
679 1017 850 1100 sculpendi
873 1018 1022 1095 multum
1046 1024 1225 1101 promota;
1254 1022 1430 1097 aspectum
1458 1020 1572 1078 tamen

405 1119 571 1177 mutatum
586 1132 670 1188 esse,
686 1132 756 1178 uon
770 1120 926 1177 naturam
949 1116 1210 1179 simulacrorum
1226 1138 1235 1190 3
1258 1113 1383 1178 seriem
1407 1112 1513 1192 igitur
1536 1130 1575 1175 ac

401 1214 595 1291 juncturam
609 1210 692 1273 nihil
708 1211 937 1292 interceptam.

445 1307 478 1373 Si
492 1308 643 1373 habitum
658 1308 775 1372 deinde
790 1309 937 1390 corporis
952 1314 985 1373 et
1012 1315 1148 1390 gestum
1168 1314 1310 1391 spectes,
1326 1307 1453 1372 sentias
1467 1306 1503 1369 iu
1513 1306 1573 1370 hoc

405 1424 537 1488 quoque
552 1404 634 1469 nihil
649 1406 728 1470 novi
742 1404 880 1469 omnino
894 1406 1015 1481 inesse,
1033 1411 1067 1470 et
1082 1406 1171 1489 quod
1186 1408 1228 1470 ab
1241 1404 1390 1489 antiquis
1400 1402 1570 1488 principiis

402 1502 577 1568 abhorreat
593 1522 601 1579 ;
617 1502 674 1567 sed
689 1504 799 1586 potius
815 1521 857 1567 ex
872 1503 913 1566 iis
928 1504 1022 1586 quasi
1034 1504 1285 1569 conclusionem
1295 1522 1368 1568 esse
1383 1503 1529 1567 ductam.

442 1600 479 1663 ln
501 1600 607 1681 siguis
629 1602 720 1663 euim
754 1600 993 1665 vetustioribus
1014 1602 1149 1665 brachia
1171 1608 1250 1666 suut
1265 1600 1397 1683 corpori
1418 1598 1569 1680 aggluti-

403 1705 491 1772 nata,
509 1715 604 1761 crura
624 1698 741 1778 juncta
755 1702 900 1779 torpent,
916 1704 1026 1762 vestes
1039 1699 1153 1778 rigent
1168 1719 1176 1773 ;
1192 1700 1250 1763 sed
1266 1705 1380 1762 tamen
1394 1696 1485 1759 inter
1500 1693 1569 1776 pri-

404 1812 500 1857 mum
522 1796 623 1873 hujus
651 1795 748 1859 seriei
775 1794 997 1858 simulacrum
1020 1796 1247 1879 ultimumque
1270 1792 1444 1875 sculpendi
1472 1791 1568 1856 disci·

403 1892 493 1974 plina
514 1892 600 1955 haud
617 1908 737 1974 parum
750 1892 900 1974 proiecit.
916 1887 963 1956 Eo
977 1892 1069 1955 enim
1087 1910 1143 1956 ars
1165 1892 1323 1957 audaciae
1349 1908 1388 1955 ac
1404 1890 1570 1953 facultatis

402 1996 612 2074 pervenerat,
629 1998 667 2055 ut
686 1992 884 2055 varietatem
903 1995 1097 2069 sectaretur,
1122 1997 1235 2054 motus
1262 1990 1358 2074 quasi
1381 1987 1570 2071 periculum

402 2091 535 2165 laceret,
557 2089 737 2152 animantis
751 2096 920 2164 naturam,
937 2088 1062 2152 textilis
1075 2088 1225 2152 indolem
1237 2087 1362 2152 imitari
1379 2092 1568 2149 conaretur.

441 2186 515 2251 lam
544 2186 577 2249 in
605 2187 788 2251 recentiore
811 2185 897 2250 serie
919 2188 996 2250 viva
1014 2203 1168 2267 corpora,
1197 2186 1287 2259 viva,
1316 2192 1353 2249 ut
1377 2183 1425 2249 ita
1448 2182 1568 2258 dicam,

401 2286 514 2359 vestis,
531 2289 646 2348 etuon
668 2284 709 2348 ad
730 2291 888 2347 naturam
908 2283 1020 2355 modo,
1037 2284 1095 2348 sed
1117 2284 1158 2348 ad
1183 2282 1444 2366 pulchritudinis
1468 2281 1569 2345 etiam

401 2382 547 2464 speciem
562 2382 741 2465 quemdam
752 2380 881 2461 eiilgn'es
896 2399 1074 2463 expressae
1088 2399 1163 2447 esse
1175 2379 1344 2447 videntur.

441 2480 597 2545 Attamen
612 2482 650 2558 si,
674 2483 755 2544 citra
771 2482 963 2556 artificium,
987 2481 1099 2545 solum
1115 2481 1158 2546 oh
1172 2486 1318 2561 gestum,
1335 2480 1457 2546 collata
1470 2485 1569 2545 erunt

400 2579 576 2661 utriusque
590 2578 724 2659 generis
739 2578 929 2651 simulacra,
945 2578 1100 2661 proxima
1114 2596 1188 2642 esse
1202 2578 1428 2643 invenientur.

441 2671 524 2738 Nam
536 2676 572 2737 iu
583 2674 638 2737 his
652 2675 775 2756 pariter
789 2676 923 2757 illisque
932 2674 1148 2740 brachiorum
1158 2692 1265 2739 uuum
1279 2674 1402 2756 pendet
1411 2682 1445 2739 et
1459 2675 1571 2739 lemur

402 2771 537 2851 attingit
553 2791 561 2847 ;
578 2770 722 2834 alterum
736 2770 960 2851 cubitottenus
975 2772 1172 2848 demissum,
1191 2772 1311 2837 deiude
1326 2772 1493 2837 inflexum
1506 2777 1570 2847 est,

402 2870 461 2935 sed
490 2878 561 2935 tum
583 2876 812 2935 transversum
837 2871 962 2953 pectori
990 2871 1122 2948 insidet,
1153 2876 1227 2935 tum
1253 2872 1478 2953 protenditur.
1503 2870 1571 2936 Hoc

400 2986 509 3033 unum
537 2969 714 3033 discrimen
740 2973 815 3042 est3
837 2986 928 3038 nem.
948 2967 1039 3050 quod
1061 2968 1200 3033 liberius
1214 2968 1470 3051 elegantiusque
1489 2969 1569 3033 hra-

401 3065 552 3131 chiorum
568 3066 685 3130 ductus
700 3066 735 3128 in
751 3066 868 3130 orbem
882 3066 1201 3147 inflectitur,gestus
1211 3084 1279 3130 non
1289 3067 1491 3131 immutatus
1505 3072 1566 3139 est,

400 3166 457 3229 sed
473 3166 599 3247 majore
613 3162 777 3227 industria
792 3182 971 3245 expressus
988 3184 996 3239 ;
1013 3163 1102 3246 quod
1115 3164 1251 3227 sinistra
1261 3182 1383 3228 manus
1394 3164 1568 3247 pendentis

399 3262 490 3343 pallii
500 3263 593 3325 sinus
607 3262 746 3341 colligit,
760 3260 824 3330 hoc
836 3262 884 3337 tlt,
909 3261 1043 3325 brachio
1058 3261 1236 3343 pristinum
1251 3266 1377 3325 statum
1391 3262 1567 3325 retinente.

398 3358 472 3424 tam
493 3377 583 3430 vero,
600 3361 627 3422 si
649 3357 900 3423 consuetudinis
919 3364 1111 3440 pertaesum
1135 3366 1196 3430 est,
1217 3358 1245 3421 si
1265 3376 1432 3424 novarum
1451 3376 1568 3423 rerum

399 3458 561 3541 cupiditas
581 3456 726 3531 incessit,
768 3456 846 3539 quid
870 3456 979 3537 potuit
1001 3456 1145 3520 inveniri
1166 3455 1257 3540 quod
1282 3458 1433 3539 apriore
1453 3458 1568 3521 miuus

397 3557 566 3623 recederet
585 3556 775 3621 condicione
789 3558 805 3617 ‘l
821 3574 890 3621 nou
919 3556 1012 3621 enim
1035 3556 1222 3631 brachium,
1248 3556 1307 3621 sed
1330 3558 1400 3620 ima
1433 3562 1567 3621 tautum

398 3672 475 3738 pars
490 3656 563 3736 ejus
578 3658 745 3719 movetur.

437 3751 505 3815 Hoc
522 3751 657 3833 quidem
683 3750 795 3824 allicit,
825 3750 914 3834 quod
942 3755 1059 3831 gestus
1086 3752 1172 3817 ratio
1194 3750 1329 3816 inversa
1343 3754 1407 3826 est,
1430 3756 1565 3825 et,cum

397 3851 549 3915 dextram
569 3849 722 3931 protendi
745 3853 925 3930 oporteret,
950 3848 1086 3914 sinistra
1107 3849 1220 3931 reipsa
1242 3853 1397 3930 protenta
1418 3854 1481 3912 est.
1502 3846 1565 3912 Sed

396 3964 499 4028 quam
514 3945 596 4010 nihil
609 3946 739 4010 intersit
749 3951 823 4010 utra
837 3963 959 4010 manus
974 3951 1127 4027 porrecte
1139 3948 1194 4023 sit,
1212 3952 1287 4010 utra
1307 3944 1566 4009 tunicamattin·

396 4052 465 4123 gat,
481 4043 675 4125 exemplum
696 4043 869 4122 virgiuum
884 4043 1060 4123 aeginetici
1086 4042 1200 4124 templi
1223 4042 1395 4107 acroteriis
1417 4041 1564 4105 insiden-

396 4140 482 4203 tium
515 4140 570 4205 vel
596 4139 743 4203 maxime
773 4140 981 4204 demonstrat
1008 4140 1049 4221 (t)
1076 4162 1083 4203 :
1113 4140 1249 4215 etenim,
1283 4138 1566 4219 cum'germanas

396 4238 474 4303 deas
483 4238 717 4317 celeraut,una
727 4238 862 4302 sinistro
874 4236 957 4320 pede
968 4236 1099 4312 incedit,
1109 4235 1566 4320 sinistraquemauupallium

430 4394 468 4465 (t)
485 4392 560 4457 Quas
574 4394 623 4447 aut
633 4391 661 4445 iu
673 4390 907 4448 nentmaeteder
920 4392 995 4447 utteu
1003 4394 1103 4456 luunt,
1115 4408 1135 4463 1,
1150 4390 1229 4447 tabb.
1242 4393 1306 4458 e-a;
1322 4393 1373 4445 eut
1397 4388 1429 4443 iu
1454 4388 1559 4459 napea

394 4468 427 4522 da
445 4462 540 4531 norae,
556 4480 602 4545 ur,
609 4464 667 4519 tab.
685 4464 718 4517 58
731 4480 807 4545 sqq.;
821 4465 872 4518 aut
882 4462 957 4535 apud
969 4463 1078 4531 Clarae,
1091 4464 1223 4520 uarum
1232 4464 1389 4534 sculpture,
1399 4460 1479 4517 ubit.
1491 4462 1558 4515 utt-

393 4540 456 4601 82t,
471 4552 537 4591 cum
551 4536 662 4607 reliqua
673 4534 856 4606 fastigiorum
867 4534 1021 4591 ornatioue
1035 4533 1110 4592 vide.
1362 4582 1366 4591 .
