3534 5617
906 650 1072 717 ..96-

407 815 491 878 sime
516 813 739 895 negligerent.
756 811 948 896 Nunquam,
966 820 1002 876 ut
1018 813 1128 877 solent
1151 811 1303 892 discipuli
1328 810 1438 875 adbuc
1462 810 1577 882 rudes,

406 914 500 995 operi
527 931 601 977 sese
631 911 832 975 addixerunt
858 910 980 983 alieno,
1010 908 1100 993 quod
1122 908 1367 986 describerent;
1397 927 1523 974 verum
1551 907 1581 971 si

406 1010 486 1093 qnid
521 1009 599 1075 novi
635 1009 821 1093 optimique
848 1007 1053 1092 ubicumque
1087 1008 1294 1087 occurrebat,
1337 1008 1580 1089 cogitationem

406 1126 536 1171 meram
549 1108 785 1191 percipiebant,
803 1107 922 1171 deinde
938 1125 1000 1170 suo
1021 1125 1117 1171 more
1132 1126 1172 1171 ac
1197 1124 1259 1170 suo
1280 1105 1460 1170 commodo
1483 1122 1580 1169 com·

406 1205 552 1287 positam
567 1204 813 1287 exprimebant.
830 1204 972 1286 lngenio
990 1223 1082 1286 vero,
1098 1209 1133 1270 et
1151 1204 1310 1269 facultate
1332 1204 1374 1267 ab
1401 1201 1580 1287 Aegyptiis

409 1304 591 1368 admodum
604 1304 814 1369 differebant.

445 1400 544 1483 Apud
573 1402 740 1484 Assyrios,
777 1402 933 1485 quamvis
959 1400 1153 1466 rarissimae
1180 1405 1311 1465 statuae
1346 1399 1578 1483 provenerint,

410 1499 602 1564 conferendi
617 1505 731 1564 tamen
745 1502 924 1565 materiem
940 1499 1103 1565 invenias.
1120 1497 1205 1563 Nam
1230 1498 1317 1562 duae
1344 1516 1430 1580 quae
1458 1516 1578 1579 super·

407 1604 496 1671 sunt,
526 1598 694 1662 humanae
718 1597 945 1679 magnitudini
968 1598 1024 1663 vel
1052 1615 1160 1680 pares,
1186 1597 1241 1661 vel
1270 1599 1459 1679 proximae,
1487 1596 1579 1661 Nebo

407 1696 530 1760 scilicet
545 1696 627 1761 deus
647 1702 680 1760 el
701 1715 762 1761 rex
789 1696 1045 1780 Assurnazirpal
1061 1698 1117 1778 (l),
1137 1730 1178 1743 -
1196 1713 1389 1779 quanquam
1403 1695 1576 1772 homines,

407 1812 474 1859 non
498 1795 658 1859 mulieres
682 1795 903 1877 attinguntur,
933 1832 973 1841 —
1007 1813 1085 1859 cum
1112 1792 1316 1859 Nicandraea
1336 1793 1440 1857 Diana
1454 1794 1580 1858 habent

407 1892 662 1955 similitudinem
678 1894 870 1975 quamdam.

448 1989 600 2072 Superna
616 1991 752 2073 quidem
767 2010 845 2075 pars
860 1992 1010 2075 corporis
1024 1990 1164 2056 omnino
1179 1991 1306 2067 differt3
1326 1990 1385 2055 sed
1407 1990 1577 2057 inferioris

407 2088 584 2172 descriptio
600 2090 717 2154 eadem
732 2096 783 2155 est
797 2092 850 2172 (2).
867 2090 964 2168 Nam,
979 2091 1116 2171 cingulo
1130 2091 1255 2167 stricta,
1279 2089 1393 2153 tunica
1411 2108 1575 2154 coxarum

407 2187 479 2250 orbi
492 2204 565 2251 sese
580 2188 825 2265 accommodam
845 2188 964 2253 deinde
977 2189 1163 2252 rectalinea
1176 2189 1218 2252 ad
1233 2187 1319 2251 imos
1331 2188 1449 2253 delluit
1459 2190 1572 2271 podes,

407 2286 565 2351 deorsum
579 2306 698 2351 versus
713 2289 875 2371 paulatim
888 2288 1042 2364 dilatata;
1066 2305 1164 2352 crura
1186 2305 1278 2360 vero,
1302 2288 1397 2352 velut
1426 2289 1575 2353 ferreum

407 2385 633 2463 involucrum,
649 2388 778 2467 obtegit
797 2392 898 2469 atque
912 2386 1113 2461 dissimulat,
1139 2390 1172 2449 et
1186 2386 1281 2451 nullo
1291 2387 1368 2450 sinu
1382 2394 1573 2467 corrugata,

409 2484 508 2563 rigel.
531 2483 615 2548 item
635 2485 784 2567 corporis
807 2491 1015 2549 attenuatam
1040 2484 1298 2548 crassitudinem
1317 2484 1395 2547 licet
1424 2484 1575 2549 animad-

406 2588 549 2657 vertere,
562 2588 594 2646 et
607 2584 752 2663 vaginae
767 2582 965 2664 quadratam
977 2584 1134 2663 liguram,
1158 2582 1294 2661 angulis
1319 2588 1451 2646 tantum
1473 2583 1572 2646 bebe-

407 2680 493 2743 tatis.
522 2678 608 2744 Haec
629 2681 743 2745 omnia
772 2699 850 2744 cum
879 2680 966 2745 delio
993 2680 1136 2754 numini,
1169 2686 1242 2743 tum
1269 2680 1417 2761 assyriae
1446 2681 1572 2762 effigiei

405 2777 618 2840 conveniunt.
636 2778 719 2842 ltem
734 2777 1016 2843 conficiendarum
1038 2782 1229 2840 statuarum
1252 2777 1370 2841 eadem
1393 2778 1463 2841 lere
1488 2778 1571 2842 ratio

406 2875 479 2949 luit,
496 2893 581 2958 quae
596 2895 614 2939 e
629 2876 790 2959 quadrata
804 2876 896 2940 trabe
911 2875 1078 2940 caedendo
1091 2880 1171 2938 sunt
1182 2874 1372 2957 exsculptae
1382 2875 1438 2957 (3).
1453 2876 1571 2940 Assur·

405 2972 565 3055 rmzirpali
588 2973 702 3053 imago
728 2973 769 3037 ad
799 2973 992 3038 columnam
1028 2972 1137 3053 magis
1174 2972 1280 3049 redit;
1313 2978 1426 3036 tamen
1456 2971 1569 3054 rigore

404 3070 507 3135 vestis
524 3076 558 3134 et
575 3070 742 3135 inferioris
759 3077 889 3135 statuae
902 3070 1126 3152 descriptione
1143 3069 1263 3134 similis
1277 3076 1338 3135 est.

444 3168 572 3232 Rursus
587 3169 622 3232 in
636 3167 752 3233 Museo
770 3168 947 3233 Parisiensi
969 3168 1134 3233 habemus
1162 3168 1313 3249 sigillum
1336 3172 1493 3243 aeneum,
1519 3166 1569 3232 cui

402 3266 493 3346 rogis
527 3265 856 3349 Koudour-mapouk
887 3284 1011 3330 nomen
1046 3267 1248 3348 inscriptum
1287 3271 1347 3341 est,
1379 3264 1449 3330 XVI
1476 3284 1506 3329 a.
1535 3266 1566 3329 (i.

403 3362 537 3427 saeculo
565 3364 635 3427 lere
670 3382 795 3446 suppar
813 3365 887 3445 (l):
916 3363 1014 3443 virgo
1043 3364 1226 3426 canistrum
1249 3362 1349 3443 capiti
1373 3361 1569 3444 impositum

404 3469 545 3545 utraque
558 3480 661 3525 manu
676 3462 828 3525 sustinet.
845 3460 998 3525 Truncus
1019 3460 1130 3524 nudus
1152 3466 1202 3525 est
1220 3466 1253 3525 et
1275 3460 1317 3524 ad
1338 3467 1495 3523 naturam
1512 3479 1570 3524 ex·

404 3577 558 3643 pressus;
595 3558 733 3624 inferior
761 3578 848 3642 pars,
874 3559 997 3639 tunica,
1026 3565 1064 3622 ut
1091 3558 1235 3634 videtur,
1253 3558 1378 3639 rigenti
1405 3558 1566 3628 involuta.

402 3664 544 3722 teretem
565 3659 751 3732 columnae,
773 3658 828 3722 vel
853 3658 963 3740 potius
988 3656 1053 3720 lusi
1085 3657 1230 3721 formam
1258 3655 1428 3733 imitatur;
1458 3656 1503 3724 ita
1532 3662 1569 3719 ut

404 3756 574 3821 simulacri
586 3754 613 3822 V
627 3754 828 3820 memoriam
841 3761 985 3820 revocet.

444 3854 679 3918 Recentiorum
695 3853 763 3917 Deli
777 3853 1036 3918 sinrulacrorum
1052 3871 1130 3917 cum
1146 3857 1218 3916 arte
1238 3851 1377 3936 Assyria
1399 3852 1494 3916 nulla
1520 3856 1568 3915 est

403 3951 570 4033 cognatio,
586 3951 649 4015 nisi
665 3952 755 4034 quod
770 3954 871 4016 vestis
886 3951 943 4016 illa
970 3952 1101 4015 subtilis
1116 3952 1292 4034 crispaque
1315 3950 1488 4015 interdum
1502 3950 1567 4014 ilbc

401 4048 574 4115 invenitur
588 4054 621 4114 et
635 4049 753 4114 eadem
768 4051 898 4115 rationo
910 4054 962 4115 est
975 4067 1134 4132 expressa
1147 4050 1200 4132 (5).
1250 4130 1257 4139 Ι

437 4266 475 4341 (l)
489 4268 599 4338 Perrot.
611 4269 683 4324 Hist.
700 4268 733 4323 de
747 4267 823 4331 t’rrt
841 4284 869 4337 ιι,
881 4284 933 4341 pp.
945 4270 989 4336 85,
1010 4268 1077 4337 5363
1094 4266 1173 4323 tabb.
1192 4268 1234 4334 ta,
1250 4268 1314 4322 aab.

451 4344 467 4396 2
494 4344 525 4396 ln
539 4342 637 4397 tabula
647 4339 756 4395 scilicet
770 4342 811 4394 15.

451 4416 466 4468 t
492 4414 564 4467 Nam
578 4428 644 4467 cum
659 4410 719 4466 basi
739 4409 880 4483 quadrata
894 4410 981 4465 etiam
995 4427 1070 4465 nunc
1081 4410 1176 4465 statua
1189 4408 1336 4465 cohaeret.

452 4485 467 4539 t
497 4484 607 4551 Perrot‚
623 4483 694 4539 litat.
708 4480 741 4537 de
756 4482 838 4550 t'arr,
852 4498 883 4547 ιι,
897 4499 925 4553 p.
939 4485 1000 4548 530,
1021 4481 1079 4538 tab.
1095 4482 1157 4536 243.

441 4493 478 4628 (ὃς
493 4556 603 4625 Perrot,
618 4556 689 4610 lltst.
705 4554 736 4609 aa
750 4552 833 4623 t'rrr,
845 4570 875 4621 ιι,
887 4554 947 4608 tab.
962 4556 991 4608 it
1006 4569 1014 4621 3
1030 4551 1068 4608 cl.
1089 4568 1117 4624 p.
1131 4554 1175 4621 ab,
1191 4551 1250 4608 tab.
1271 4552 1298 4607 3.
