3534 5617
882 646 1098 717 .-24-

405 817 494 883 terre
503 810 736 893 dubitaverim,
753 813 953 897 praesertim
966 830 1044 879 oum
1058 829 1179 898 parum
1190 812 1366 879 concinant
1380 812 1572 897 etcorporis

404 912 611 980 constrictior
624 910 758 976 babitus
769 916 803 975 et
816 911 946 977 artitleii
962 913 1148 995 expeditior
1169 912 1327 978 libertas:
1352 928 1432 977 nam
1454 912 1572 977 immo

402 1012 478 1079 bilis
494 1016 560 1077 stat
572 1008 707 1085 mulier,
723 1011 922 1093 compressis
945 1012 1111 1089 manibus,
1128 1011 1336 1095 pedibusque
1355 1010 1498 1093 junctis3
1513 1011 1571 1076 sed

402 1110 504 1176 vestis
527 1109 709 1190 eleganter,
732 1106 911 1192 multiplici
942 1109 1080 1174 sinuum
1105 1110 1206 1185 tlexu,
1229 1109 1367 1186 detluit;
1394 1108 1569 1174 brachium

403 1207 505 1275 etiam
515 1224 583 1273 nou
597 1205 670 1270 siue
682 1220 783 1269 causa
795 1222 953 1279 vacuum,
968 1207 1028 1273 sed
1041 1205 1249 1289 colligendae
1266 1206 1400 1272 tunicae
1415 1205 1569 1272 deditum
1590 1259 1594 1265 .

403 1305 538 1391 pendet.
950 1357 953 1361 Α

442 1402 512 1485 Ego
537 1420 630 1480 vero,
654 1401 717 1467 hac
738 1402 960 1487 discrepantia
988 1402 1193 1480 admonitus,
1222 1420 1290 1469 non
1317 1402 1485 1469 sinceram
1512 1404 1569 1469 sed

402 1506 514 1569 ilctam
528 1502 761 1586 antiquitatem
776 1501 976 1567 subodorari
995 1519 1051 1567 me
1066 1503 1194 1578 tateor;
1213 1501 1432 1568 simulacrum
1458 1507 1569 1567 tumen

401 1602 482 1669 illue
499 1601 649 1685 prolerre
668 1599 836 1677 constitui,
862 1604 1024 1683 tanquam
1047 1600 1223 1683 exemplar
1239 1618 1368 1678 eorum,
1397 1619 1483 1684 quae
1498 1619 1568 1665 me·

402 1700 496 1764 dium
511 1699 599 1763 inter
613 1701 793 1781 utramque
807 1715 950 1781 operum
973 1697 1097 1763 seriem
1119 1696 1233 1763 locum
1256 1697 1463 1776 obtinebant,
1475 1716 1570 1781 quae·

403 1816 469 1881 que
483 1796 525 1861 ad
539 1814 647 1861 unum
663 1795 848 1878 perierunt.

444 1896 512 1960 lllis
521 1894 657 1979 quidem
671 1898 811 1977 septem,
825 1912 912 1977 quae
921 1895 1084 1960 hactenus
1099 1894 1265 1977 descripte
1276 1899 1365 1968 sunt,
1378 1894 1472 1976 prior
1487 1912 1567 1959 con-

405 1992 550 2061 cluditur
576 1993 698 2070 series;
728 1990 854 2075 itaque,
878 1992 1077 2076 priusquam
1106 1992 1317 2057 adulteram
1348 1997 1567 2068 transeamus,

405 2096 634 2173 opportunum
647 2091 748 2157 tuerit
760 2090 950 2157 studiorum
964 2091 1060 2175 quasi
1073 2109 1244 2157 summam
1266 2091 1422 2156 termulis
1445 2091 1569 2175 aliquot

405 2190 552 2255 breviter
564 2190 751 2273 complecti.

445 2292 475 2351 l⁰
490 2287 628 2370 Septem
641 2288 699 2352 illa
711 2288 892 2353 simulacra
906 2292 1119 2369 congruunt:

442 2404 474 2449 a.
489 2387 637 2465 Materte,
654 2402 823 2451 marmore
841 2386 976 2461 seilicet,
992 2385 1081 2468 quod
1095 2385 1228 2467 parium
1242 2389 1312 2462 est3

342 2522 361 2534 „.
442 2483 472 2547 b.
487 2482 714 2567 Arpumcnto:
731 2502 812 2549 nam
821 2484 946 2549 mulier
959 2482 1064 2559 adest,
1085 2483 1227 2549 adversa
1247 2483 1358 2549 tronto
1381 2488 1568 2567 conspecte,

402 2581 537 2666 utrique
552 2581 628 2666 pedi
641 2583 811 2659 insistens,
827 2582 1021 2658 immobilis,
1031 2582 1189 2649 adstricto
1200 2582 1435 2649 membrorum
1445 2583 1570 2663 babitu,

401 2680 504 2745 vestis
518 2680 632 2762 rigore
648 2680 814 2764 insignis,

443 2797 470 2843 e.
487 2780 621 2855 Labore,
637 2780 695 2863 qui
719 2780 912 2864 inexpertae
924 2796 1048 2845 manus
1061 2780 1251 2864 periculum
1271 2780 1396 2863 arguit,
1421 2781 1570 2846 studium

404 2878 556 2943 imitandi
566 2884 721 2944 naturam
737 2898 804 2945 non
816 2878 999 2945 admodum
1008 2879 1124 2944 infelix
1139 2877 1303 2953 ostendit;
1556 2939 1559 2947 .

445 2975 477 3041 d.
496 2980 616 3053 Aetate,
633 2995 719 3060 quae
733 2977 775 3041 ad
788 2978 896 3062 prisca
913 2995 1053 3059 graecae
1072 2976 1154 3042 artis
1173 2982 1323 3059 tempora
1343 2980 1378 3041 et
1400 2976 1571 3061 sculpendi

405 3075 597 3158 disciplinae
611 3075 706 3139 initia
720 3076 895 3141 referenda
907 3079 973 3143 est.

445 3179 476 3236 i·
492 3173 578 3240 Sunt
604 3180 717 3240 tamen
730 3180 763 3239 et
776 3176 962 3257 peculiares
984 3177 1148 3261 cujusque
1168 3174 1278 3258 operis
1303 3180 1403 3240 notae
1425 3179 1459 3240 et
1484 3181 1573 3242 certa

407 3270 620 3337 discrimina:

444 3386 475 3431 a.
492 3367 579 3433 Sunt
592 3370 799 3455 antiquitatis
819 3371 914 3436 varia
938 3376 1103 3455 tempora,
1127 3390 1190 3437 nec
1215 3388 1293 3437 oum
1320 3370 1473 3456 aequalia
1500 3371 1572 3436 dico

405 3465 594 3543 simulacra,
612 3468 671 3532 uni
686 3469 847 3535 decennio
862 3470 1017 3553 adjudico
1030 3491 1038 3547 ;

446 3564 475 3628 d.
492 3563 578 3630 Sunt
591 3566 720 3633 artiilcii
733 3569 845 3633 variae
860 3568 1020 3645 rationes,
1036 3574 1089 3635 est
1102 3573 1213 3635 certus
1235 3586 1425 3653 processus,
1441 3586 1531 3647 eum,
1540 3574 1573 3633 et

405 3662 441 3726 in
457 3679 625 3728 marmore
640 3665 821 3743 tractando,
838 3672 871 3733 et
885 3667 921 3731 in
935 3668 1043 3733 torma
1057 3667 1259 3734 inveniende
1272 3666 1569 3751 exprimendaque‚

406 3778 476 3825 uon
489 3761 572 3826 nibil
587 3761 729 3829 artifices
742 3763 998 3832 immutaverint
1011 3772 1111 3851 atque
1126 3766 1337 3850 perfecerint.

445 3890 472 3926 α.
488 3858 638 3943 Namque
652 3861 753 3927 totius
768 3864 857 3945 signi
872 3864 1049 3947 descriptio
1060 3865 1180 3948 lapidis
1202 3864 1351 3947 primum
1374 3864 1484 3945 figura
1503 3870 1570 3929 ter-

404 3958 532 4025 minata
544 3959 618 4033 tuit,
634 3978 732 4043 eque
746 3962 917 4045 sculptum
931 3963 1033 4046 toret,
1049 3962 1238 4028 deindeboc
1251 3962 1388 4027 servitio
1403 3980 1478 4027 sese
1492 3981 1571 4046 pau·

267 4044 270 4049 ’
402 4058 497 4123 latim
519 4059 653 4123 exemit.
678 4058 768 4137 Quae
782 4062 1027 4145 autquadrata‚
1056 4067 1114 4126 aut
1144 4068 1232 4127 teres
1255 4062 1331 4125 tuit.
1357 4060 1453 4125 Haud
1476 4061 1572 4126 aliter

402 4157 484 4223 etin
499 4156 655 4237 singulis,
672 4162 731 4221 aut
746 4158 865 4224 molles
878 4160 1080 4244 rotundique
1094 4160 1251 4240 ambitus,
1265 4163 1324 4223 aut
1337 4161 1448 4223 rectae
1463 4157 1569 4223 lineae

402 4254 587 4339 angelique
601 4252 810 4337 placuerunt.
1183 4284 1188 4291 ·

444 4366 469 4437 p.
486 4351 580 4430 Quod
607 4352 649 4417 ad
669 4353 913 4419 vestimentum
933 4357 1063 4435 attinet,
1090 4356 1192 4437 huius
1220 4356 1377 4420 circuitus
1405 4354 1508 4419 modo
1534 4370 1571 4416 ac

404 4452 527 4532 figura,
540 4467 609 4513 non
622 4449 706 4513 varii
720 4449 839 4516 ductus
866 4454 1040 4538 flexusque
1062 4452 1355 4535 exprimebantur3
1380 4452 1437 4514 vix
1454 4451 1489 4514 in
1519 4449 1569 4513 ul·

404 4548 496 4614 timis
511 4546 696 4612 simulacris
711 4551 877 4616 tentatum
886 4558 937 4617 est
950 4552 1075 4617 textilis
1088 4550 1237 4615 indolem
1250 4557 1351 4633 atque
1362 4548 1448 4614 banc
1469 4548 1567 4613 intri-

407 4645 572 4711 cationem
584 4644 719 4730 imitari,
733 4664 818 4730 quae
832 4648 935 4715 vestis
948 4655 1001 4715 est
1014 4647 1109 4733 quasi
1122 4653 1235 4713 motus
1248 4666 1287 4713 ac
1299 4648 1381 4714 vita.
1427 4681 1432 4689 ·
