3534 5617
912 658 1076 725 -Βὸ-

413 827 453 891 de
470 843 537 910 quo
554 824 637 889 nihil
652 826 722 889 tero
736 824 973 905 comperimus,
998 821 1137 888 Sidonos
1162 822 1249 886 mari
1271 827 1351 887 suut
1372 821 1469 906 potiti
1492 821 1580 887 axv

410 926 538 991 circiter
568 924 701 989 saeculo
728 924 769 988 ad
796 922 874 999 Xll;
901 922 1021 1006 quibus
1037 921 1126 1004 Tyrii
1146 927 1373 999 sucesseruut,
1401 922 1447 984 ita
1464 925 1580 985 mmen

409 1028 448 1088 ut
460 1022 575 1104 Aegeo
596 1022 682 1086 mari
696 1021 928 1097 abstinuerint,
944 1019 986 1084 ad
1008 1019 1112 1084 maris
1134 1020 1259 1084 interni
1273 1037 1349 1084 oras
1364 1019 1579 1102 potissimum

409 1120 629 1187 occidentales
642 1138 715 1185 sese
730 1118 955 1184 converterint
968 1118 1020 1198 (ll.
1056 1117 1190 1184 Decimo
1217 1136 1350 1183 nonove
1368 1116 1503 1182 saeculo
1517 1117 1580 1181 llo

409 1238 524 1286 merus
539 1218 716 1284 sidonibus
744 1216 921 1283 etiamtum
936 1216 1122 1299 plurimum
1137 1216 1253 1281 tribuit
1268 1215 1329 1299 (2);
1353 1220 1471 1281 octavo
1505 1234 1581 1300 sep·

409 1320 560 1401 timoque
574 1316 757 1381 Phoenices
771 1314 896 1397 ubique
910 1312 1042 1379 Graecis
1055 1315 1176 1379 cedunt
1190 1316 1244 1395 (3).

451 1420 575 1499 ltaque,
592 1432 632 1479 eo
655 1419 807 1495 tompore
823 1431 890 1496 quo
905 1413 1054 1477 coniecta
1069 1418 1148 1477 sunt
1159 1412 1364 1477 deliacorum
1380 1413 1583 1478 simulacro·

412 1534 490 1582 rum
502 1513 747 1596 antiquissima,
764 1530 841 1575 cum
860 1510 1033 1593 Aegyptiis
1047 1510 1259 1594 Assyriisque
1272 1511 1511 1575 commercium
1521 1517 1582 1576 aut

412 1614 545 1679 nullum
564 1612 637 1684 luit,
657 1616 715 1675 aut
737 1610 794 1673 vix
819 1608 1025 1674 intercedere
1047 1616 1224 1692 coeperat3
1249 1628 1316 1693 qua
1340 1628 1377 1673 re
1402 1610 1582 1689 ingenium

412 1711 518 1777 nihilo
532 1709 731 1793 impeditum
746 1709 810 1773 fuit
825 1712 876 1790 ll).
897 1708 1099 1772 Asianorum
1114 1726 1194 1773 vero
1215 1707 1487 1791 Phoenicumque
1502 1726 1581 1772 auc·

414 1807 541 1881 toritas,
559 1825 619 1889 per
633 1824 718 1889 quos
733 1806 864 1871 Graecis
878 1812 911 1870 et
933 1805 1107 1889 Aegyptus
1130 1811 1163 1871 et
1186 1806 1323 1888 Assyria
1346 1806 1580 1877 innotuerunt,

411 1904 453 1969 ad
478 1909 642 1969 remotam
666 1905 898 1989 antiquitatem
921 1904 1106 1979 recedebat,
1122 1906 1236 1986 etjam
1258 1904 1496 1968 inclinaverat:
1519 1905 1583 1968 ita-

411 2022 478 2087 que
489 2002 602 2068 Graeci
613 2007 792 2085 potuerant
803 2003 844 2066 ab
854 2002 972 2066 alienis
983 2002 1147 2084 exemplis
1162 2020 1235 2066 sese
1243 2001 1406 2085 paulatim
1420 2002 1581 2075 eximere,

411 2102 440 2167 si
455 2100 586 2184 quando
598 2101 638 2164 iis
650 2101 783 2165 fuerant
796 2101 946 2183 subjecti,
963 2107 997 2165 et
1010 2108 1118 2164 artem
1131 2101 1167 2164 in
1189 2101 1376 2165 libertatem
1399 2100 1581 2165 vindicare.

455 2196 627 2263 Praeterea
641 2198 830 2262 commercii
845 2198 927 2262 haec
940 2197 1026 2261 ratio
1047 2198 1120 2270 luit,
1141 2203 1179 2261 ut
1191 2198 1231 2262 ad
1247 2203 1437 2261 statuarum
1450 2198 1584 2277 tingen-

412 2296 532 2360 darum
550 2300 658 2359 artem
683 2295 929 2379 marmorisque
949 2295 1112 2359 tractandi
1127 2296 1301 2360 scientiam
1314 2314 1435 2378 parum
1450 2296 1583 2359 couter-

412 2400 475 2458 rot.
491 2392 622 2458 Etenim
637 2393 816 2457 simulacra
839 2395 969 2475 majora
982 2394 1181 2477 lapidesque
1196 2412 1305 2476 neque
1329 2394 1410 2457 ioris
1424 2393 1582 2469 invisere,

412 2510 522 2573 neque
536 2491 627 2555 domi
641 2496 849 2573 comportata
867 2509 1036 2573 accepere.
1059 2491 1187 2573 Assyrii
1209 2490 1346 2573 quidem
1359 2490 1585 2574 Aegyptiique

413 2590 448 2653 in
462 2589 588 2653 alienas
599 2595 704 2653 terras
713 2607 780 2652 non
792 2590 1117 2670 commigraverunt;
1140 2608 1224 2673 quas
1241 2589 1338 2653 bellis
1358 2590 1584 2669 subiecerant,

414 2705 471 2752 eas
481 2706 589 2771 neque
603 2687 791 2751 incolebant
804 2688 880 2769 ipsi,
895 2705 1004 2770 neque
1018 2688 1177 2751 inunum
1191 2705 1313 2770 corpus
1337 2688 1498 2769 copulare
1526 2692 1586 2751 aut

414 2788 542 2851 artibus
555 2786 624 2850 suis
638 2785 914 2850 obnoxiasfacore
926 2787 1143 2860 conabantur,
1160 2786 1285 2849 tributo
1294 2786 1493 2869 delectuque
1507 2805 1587 2851 con·

414 2885 496 2949 tenti
510 2904 518 2963 3
530 2883 648 2955 ¹Graeci
662 2902 752 2957 vero,
761 2883 884 2949 antelli
895 2884 1078 2956 saeculum,
1088 2884 1122 2947 io
1137 2885 1309 2966 Assyriam
1323 2884 1587 2969 Aegyptumque

413 3003 482 3049 non
495 2984 678 3059 influxere;
694 2989 976 3047 mercaturasuut
990 2984 1204 3066 potissimum
1218 3001 1296 3047 cum
1312 2986 1500 3066 peregrinis
1510 3006 1587 3051 con·

409 3082 528 3167 juncti,
545 3086 578 3145 et
592 3099 669 3145 cum
680 3080 899 3145 Phoenicibus
912 3081 1122 3165 Asianisque,
1138 3089 1172 3146 et
1186 3100 1312 3165 percos
1322 3100 1400 3146 cum
1411 3083 1588 3167 Aegyptiis

413 3179 635 3261 Assyriisque.
651 3177 753 3262 Atqui
767 3179 1010 3243 mercatoribus
1024 3178 1086 3243 hoc
1101 3196 1235 3261 semper
1249 3179 1440 3259 ingenitum
1455 3181 1532 3259 fuit,
1550 3186 1588 3245 ut

414 3297 470 3343 eos
484 3277 584 3341 modo
599 3294 653 3341 res
666 3275 840 3354 inferrent,
856 3295 943 3360 quae
957 3276 1114 3342 facillime
1127 3276 1311 3354 vehuntur,
1323 3278 1509 3343 certissime
1523 3298 1587 3345 ve·

415 3380 532 3449 neunt,
547 3374 697 3437 maximo
712 3378 792 3437 sunt
802 3374 908 3437 lucro.
928 3373 1042 3456 ltaque
1056 3374 1274 3456 paucissimas
1290 3380 1417 3439 statuas
1436 3376 1471 3439 in
1484 3376 1588 3442 Grae-

417 3474 502 3539 ciam
516 3472 625 3537 illatas
639 3471 742 3537 fuisse
756 3472 953 3537 crediderim
966 3473 1021 3555 (5),
1033 3472 1098 3536 nisi
1112 3472 1331 3557 amplitudine
1344 3474 1514 3551 minimas,
1525 3494 1587 3541 seu

454 3679 492 3823 ἓί)
510 3680 648 3751 llaspdro,
670 3680 739 3761 illst.
754 3696 826 3747 ona,
842 3696 871 3753 p.
886 3682 949 3737 232.

467 3751 494 3823 2)
537 3752 578 3807 lle
613 3750 765 3809 sidonibus
806 3752 883 3824 apud
913 3754 1070 3811 llomerum
1102 3770 1129 3809 v.
1159 3754 1295 3821 ltumout,
1325 3752 1376 3809 Les
1403 3754 1587 3826 Ceramicus,

419 3840 448 3897 Ρ.
462 3824 635 3965 gamus,
651 3894 721 3950 Hoc.
735 3910 836 3967 prccq..
852 3912 872 3961 r,
887 3912 915 3967 p.
926 3897 961 3951 48
977 3913 1040 3969 sqq.

465 3967 483 4020 4
514 3965 616 4021 lisdem
653 3965 797 4021 concludit
833 3966 1024 4023 Wiedemaun
1066 3966 1345 4024 commentationem
1386 3966 1587 4042 inscriptam:

419 4059 433 4089 a
448 4039 497 4093 llic
510 4037 624 4093 dltcstan
635 4038 816 4107 hezcelonem
827 4040 959 4095 zwisalten
971 4042 1110 4110 Aepypten
1120 4041 1179 4095 und
1188 4038 1390 4095 Griechcnlcnd
1404 4062 1429 4107 a,
1449 4044 1529 4097 t883.

433 4179 438 4191 ·
454 4109 488 4179 (ry
510 4109 606 4163 Nullas
621 4108 683 4163 iere
701 4109 732 4163 in
747 4109 914 4165 auctoribus
926 4110 1051 4178 invenio,
1065 4127 1139 4191 quae
1160 4110 1196 4165 ad
1212 4111 1371 4182 Aegyptios
1395 4112 1589 4169 Phoenicasre

417 4182 475 4235 sint
492 4180 610 4235 relatas.
629 4181 940 4253 Aegyptiasuuncupat
959 4183 1114 4237 Pausanias
1135 4181 1284 4253 quasdam,
1297 4198 1316 4243 t,
1328 4184 1373 4251 4⁶2,
1394 4186 1429 4251 ὃς
1447 4200 1476 4239 u.
1489 4186 1532 4252 ts,
1551 4188 1588 4251 ³3

417 4267 455 4318 ιν,
470 4252 513 4318 32,
526 4254 542 4305 2
556 4267 563 4319 ;
577 4268 625 4313 vu,
637 4254 662 4318 5,
676 4250 785 4323 5(quae
801 4251 921 4335 quidem
932 4252 988 4309 hoo
1003 4253 1065 4309 loco
1080 4257 1123 4335 est
1137 4270 1154 4308 a
1168 4252 1358 4335 Phoenicibus
1371 4252 1407 4307 ad
1419 4256 1589 4338 aegyptium

417 4322 1589 4475 tallllttttlltttcfit,tltlhf'lltttlltl¹{tillt‘lttttttttt

417 4466 471 4529 tas,
488 4465 518 4518 et
535 4463 620 4519 rudes
634 4466 777 4535 tmagines
791 4466 1097 4537 mulierum,msnibus
1116 4466 1291 4523 inventrem
1312 4464 1424 4522 reflexis
1435 4469 1586 4539 stantium,
1691 4480 1698 4500 ⁰

418 4532 448 4587 in
462 4534 631 4607 Cycladibus
643 4536 755 4611 saepius
768 4540 908 4611 repertas.
