3534 5617
690 702 869 775 -.55-

186 868 334 945 adducit,
352 870 417 932 alia
429 868 547 933 dextro
568 870 652 951 pede
673 872 856 955 dextraque
882 870 990 933 utitur
1004 884 1119 933 manu.
1134 864 1228 931 ittet
1242 864 1361 945 Carya·

185 970 296 1034 tidum
313 966 480 1031 contrario
505 972 603 1047 gestu
625 970 810 1052 responsio,
835 975 868 1035 et
882 967 1097 1050 Deliquoque
1116 982 1185 1029 nou
1200 964 1362 1027 immuta·

187 1066 264 1132 bilis
280 1069 410 1146 gestus,
427 1064 484 1127 sed
499 1063 649 1129 alternus
664 1067 719 1149 (l).

225 1160 528 1227 Praetereudecnil
542 1160 684 1242 pallium
708 1162 787 1226 hine
809 1161 1026 1245 potissimum
1050 1158 1180 1232 adduci,
1207 1175 1274 1240 qno
1302 1172 1361 1236 pes

181 1266 234 1324 est
248 1264 424 1341 promotus
439 1276 447 1321 :
462 1258 553 1341 atqui
569 1276 608 1322 aa
621 1258 676 1323 lex
693 1260 816 1339 viguit,
829 1260 888 1323 ubi
915 1258 1065 1342 primum
1089 1257 1190 1338 pedes
1214 1259 1295 1319 snut
1307 1272 1360 1317 se-

181 1356 300 1441 juncti,
319 1361 358 1419 ut
378 1356 512 1419 sinister
534 1357 749 1439 potissimum
764 1364 1021 1440 promoveretur
1037 1374 1045 1432 3
1061 1354 1114 1418 cui
1129 1370 1207 1417 cum
1232 1353 1357 1430 viriles,

189 1462 263 1520 tum
277 1454 442 1519 femineae
456 1458 586 1517 statuae
601 1455 735 1537 saepius
750 1456 994 1537 obsequuntur.
1015 1453 1088 1517 ltrti
1101 1453 1202 1517 etiam
1217 1468 1358 1515 consen·

189 1561 328 1619 tansum
343 1559 404 1626 est,
420 1558 458 1617 nt
468 1553 526 1616 liat
540 1560 656 1633 gestus
671 1553 960 1635 quaedamdispar
970 1551 1175 1635 symmetria,
1189 1551 1359 1631 etjustum

190 1658 303 1717 motus
318 1652 551 1715 contrarietate
565 1652 804 1735 aequilibrium
820 1672 828 1729 ;
845 1652 937 1716 illine
953 1650 1058 1732 igitur
1086 1649 1206 1732 pedem
1223 1664 1359 1729 promo·

190 1750 274 1826 veri,
292 1749 371 1813 hine
385 1749 512 1831 porrigi
536 1766 677 1812 manum
696 1750 844 1831 oportuit
857 1768 866 1826 ;
879 1749 972 1812 illinc
983 1747 1076 1830 pallii
1096 1752 1265 1811 extremas
1284 1762 1361 1810 oras

192 1845 389 1929 dependere,
406 1846 485 1909 hine
497 1845 609 1926 colligi
626 1846 733 1921 sinus,
751 1852 787 1910 nl
804 1851 921 1927 gestus
932 1844 1055 1927 gestui,
1071 1845 1203 1925 pondus
1222 1842 1363 1926 ponderi

190 1942 420 2025 responderet.

229 2040 333 2111 llenio
357 2039 497 2105 nnnead
519 2040 633 2123 pedes,
651 2040 709 2123 qni
730 2040 873 2122 sejuncti
888 2044 979 2104 sunt.
995 2039 1090 2118 Quod
1104 2041 1177 2122 jam
1199 2042 1365 2103 tentatum

188 2137 310 2203 assein
333 2138 513 2203 simulacro
531 2137 573 2203 Vl
598 2139 785 2221 suspicatus
801 2157 891 2213 sum,
915 2138 1108 2203 admonitus
1124 2139 1255 2218 fl'guree
1277 2135 1364 2201 libe·

187 2234 275 2299 riore
289 2234 416 2299 habitu.
433 2234 566 2299 Accedit
582 2235 672 2319 quod
690 2236 774 2299 nihil
788 2237 824 2299 in
839 2236 1029 2314 mediaest,
1058 2254 1156 2300 crura
1169 2239 1229 2298 aut
1246 2236 1363 2315 juncta

187 2350 261 2397 asse
276 2338 335 2396 ant
348 2332 480 2397 didneta
490 2338 643 2415 oportet:
660 2332 760 2415 pedes
768 2339 884 2398 antem
895 2334 949 2399 vel
962 2333 998 2397 in
1006 2332 1250 2397 recentioribus
1260 2330 1362 2394 simu·

187 2429 286 2493 leeris
301 2434 387 2493 inter
412 2448 447 2494 se
471 2431 611 2494 minime
629 2429 777 2509 distent;
803 2448 925 2514 eorpus
944 2449 1013 2496 nnn
1038 2429 1213 2513 praecipiti
1232 2429 1362 2511 impetu

190 2527 307 2602 fertur,
337 2527 397 2591 sed
408 2546 451 2591 ne
465 2528 587 2593 ineadit
603 2528 750 2610 quidam.

232 2626 349 2710 Itaque
377 2628 464 2693 inter
486 2628 664 2711 utriusque
693 2628 792 2692 seriei
818 2628 998 2694 simulacra
1011 2646 1079 2694 non
1092 2645 1212 2692 murus
1237 2630 1361 2691 aeneus

193 2724 314 2801 obstat,
339 2744 406 2808 quo
425 2724 636 2816 dirimantur,
664 2726 722 2790 sed
745 2727 855 2809 campi
878 2724 1095 2791 intervallum
1109 2730 1211 2809 patet,
1227 2726 1296 2808 qni,
1325 2730 1364 2789 ut

191 2821 327 2903 longior
341 2828 402 2896 est,
419 2822 465 2886 ita
485 2822 642 2887 facillimo
666 2823 841 2905 trajicitur,
858 2829 892 2888 et
906 2842 966 2906 per
980 2841 1082 2905 quem
1106 2823 1264 2887 facillime
1278 2822 1374 2890 mis-.

192 2925 320 2985 centur.
336 2919 432 2996 Nam,
457 2920 521 2985 nisi
544 2921 648 3000 longo
669 2926 820 3005 tempore
830 2926 864 2985 et
879 2940 938 3003 per
953 2921 1080 2987 multos
1094 2920 1221 3003 gradus
1236 2920 1363 2985 transi-

190 3024 324 3101 tusque,
346 3018 497 3101 eprimis
520 3015 749 3101 inchoatisque
770 3017 961 3084 simulacris
995 3018 1038 3083 ad
1062 3018 1182 3082 ultima
1202 3022 1237 3082 et
1259 3035 1366 3101 paene

189 3115 336 3198 perlecta
349 3114 517 3197 perveniri
531 3132 599 3179 non
619 3115 751 3197 potuit3
774 3115 838 3180 luit
859 3116 966 3196 igitur
993 3116 1190 3199 conspirans
1211 3135 1250 3181 ao
1264 3116 1366 3179 couti·

190 3217 313 3277 duatus
322 3212 402 3276 artis
413 3230 599 3295 processus,
610 3230 677 3295 qno
685 3218 802 3293 gestus
810 3215 1070 3297 vestimentique
1080 3214 1165 3279 ratio
1175 3214 1361 3292 immutata,

190 3310 317 3393 speeies
331 3310 474 3393 denique
489 3315 559 3374 tota
568 3310 731 3393 paulatim
741 3311 856 3376 ordine
868 3312 1051 3377 informate
1063 3318 1131 3389 est3
1147 3312 1242 3376 luere
1262 3312 1365 3376 etiam

191 3413 334 3489 statuae,
353 3426 439 3491 qnae
456 3408 648 3491 sculpturae
671 3408 877 3474 incrementa
897 3409 1097 3491 singillatim
1112 3410 1227 3474 omnia
1250 3415 1365 3475 osten·

192 3506 310 3570 derant
326 3526 333 3570 :
350 3524 412 3570 nos
429 3506 544 3569 omnis
558 3505 592 3568 in
607 3522 675 3569 uns
690 3506 795 3570 semel
810 3513 922 3571 coacta
936 3507 1117 3584 cernimus,
1132 3513 1259 3573 ceteras
1273 3506 1366 3571 enim

193 3603 435 3681 desideramus,
450 3621 537 3686 quae
559 3602 595 3665 in
621 3602 731 3667 medio
745 3603 894 3669 fuerunt.
911 3603 1164 3683 Verumtamen,
1187 3612 1364 3688 postquam

193 3701 334 3785 propius
373 3700 583 3781 inspeximus
613 3699 667 3763 vel
701 3718 758 3765 eas
781 3720 867 3784 qnae
905 3708 1049 3781 exstant,
1084 3702 1365 3786 deprehendimus

195 3800 305 3882 speeie
324 3816 381 3863 aas
407 3796 551 3876 differre,
576 3814 645 3861 nou
666 3804 797 3874 natura,
824 3806 858 3865 et
881 3800 1015 3865 vincula
1037 3802 1139 3866 etiem
1157 3800 1366 3882 cognationis

194 3898 279 3963 hese
294 3896 525 3979 repperimus:

235 4015 267 4060 α.
288 3993 397 4061 Vestis
425 3993 664 4076 exprimendae
695 3996 824 4061 novicia
861 3998 947 4063 ratio
982 3997 1084 4063 etiam
1118 3997 1152 4061 in
1179 3996 1369 4081 antiquiore

195 4092 342 4177 quodam
358 4091 537 4156 simulacro
550 4095 678 4155 tentata
698 4098 750 4156 est
762 4092 812 4175 (tl)
829 4114 837 4170 3

234 4191 263 4256 b.
280 4186 400 4255 Gestus
412 4194 481 4252 tam
492 4188 611 4253 leviter
624 4188 835 4254 immutando
850 4192 1012 4273 paulatim
1026 4192 1228 4257 informatus
1243 4198 1308 4272 est,
1330 4199 1369 4257 nt

193 4287 375 4355 minimum
389 4285 534 4350 silintor
552 4290 732 4370 utramque
756 4287 880 4351 seriem
903 4288 1095 4367 discrimen,
1124 4296 1158 4355 et
1185 4290 1369 4355 vetustiora

194 4382 467 4449 areeentiorihus
481 4380 538 4447 vix
547 4382 659 4465 magis
677 4396 779 4468 quam
794 4382 884 4449 inter
898 4402 973 4449 sese
993 4385 1170 4463 differant;

231 4596 269 4671 (l)
280 4594 432 4655 conferes
447 4612 621 4671 queesnpre
639 4613 668 4671 p.
689 4599 753 4655 alu
772 4597 810 4657 do
818 4596 980 4657 simulacris
997 4601 1212 4675 xv·xv1soripta
1224 4604 1303 4659 eunt.
