3534 5617
652 652 818 722 ..97-

196 818 392 884 vestimenti
410 819 502 885 enim
516 838 625 903 genus
649 838 771 905 parum
798 821 934 888 differt:
967 821 1057 905 quod
1084 820 1197 886 tunica
1222 820 1323 886 talari

154 916 351 1001 ingentique
365 918 466 1000 pallio
480 923 625 995 constat;
639 920 760 985 thorax
773 920 945 985 interdum
958 922 1075 984 laneus
1089 920 1236 1001 adjectus
1245 924 1314 996 est;

155 1014 296 1097 pallium
314 1034 332 1080 e
347 1015 424 1081 lana
445 1017 635 1081 confectum
651 1018 701 1100 (t).
725 1017 816 1081 Alias
845 1017 958 1083 tunica
983 1016 1095 1082 brevis
1123 1015 1277 1093 occurrit,
1299 1036 1321 1081 a

154 1110 355 1177 bellantibus
377 1119 437 1179 aut
453 1115 655 1179 venantibus
679 1113 879 1198 plerumque
903 1119 1044 1199 gestata,
1076 1132 1161 1197 quae
1188 1119 1222 1179 et
1247 1132 1323 1178 suc-

156 1208 262 1275 cincta
300 1212 385 1276 solet
413 1230 498 1291 essa,
528 1213 663 1294 qualem
699 1212 812 1277 Graeci
845 1213 978 1296 saepius
1005 1212 1158 1277 tribuunt
1183 1213 1233 1289 iis,
1267 1210 1325 1295 qui

156 1307 220 1373 cito
235 1308 363 1392 impetu
377 1311 532 1375 feruntur
546 1312 601 1393 (2).
619 1310 793 1376 Praeterea
804 1311 929 1378 textilis
943 1311 1032 1377 idem
1047 1329 1176 1393 genus3
1191 1311 1325 1377 tunicae

155 1406 245 1471 latus
255 1407 369 1473 clavus
383 1414 575 1492 praetextus
594 1416 645 1475 est
668 1410 714 1493 (3)
729 1430 737 1487 ;
754 1410 907 1475 manicae
932 1411 1052 1476 breves
1081 1411 1193 1475 cubito
1223 1416 1324 1476 tenus

158 1509 238 1569 sunt
251 1506 409 1588 adjectae.
424 1506 500 1572 Jam
512 1513 680 1591 comptus,
696 1512 730 1573 et
743 1508 862 1573 cidaris
879 1507 931 1573 vel
944 1508 1105 1584 diadema,
1132 1526 1199 1591 quo
1225 1514 1326 1593 eaput

158 1608 209 1668 est
223 1604 427 1683 redimitum,
444 1612 477 1671 et
487 1606 552 1671 alia
563 1611 761 1672 ornamenta
776 1606 874 1671 obvia
888 1611 968 1671 sunt
981 1607 1034 1689 (t).

197 1702 346 1789 lienique
360 1706 397 1769 in
411 1705 560 1789 corporis
573 1713 694 1771 natura
708 1706 936 1791 exprimenda,
953 1706 1069 1771 eadem
1091 1706 1161 1771 lere
1179 1705 1326 1791 Assyriis

158 1802 441 1887 orientalibusque
474 1804 606 1881 Graecis
642 1805 766 1889 placuit
793 1804 895 1882 ratio;
924 1803 1060 1888 utrique
1088 1804 1131 1869 ad
1158 1805 1325 1889 pleniores

160 1899 398 1986 uberioresque
411 1902 538 1967 termas
556 1902 813 1969 inclinaverunt.
829 1902 921 1980 Quae
941 1904 1096 1984 cognatio
1123 1903 1159 1967 in
1185 1902 1325 1968 milesiis

158 2001 278 2065 statuis
292 2002 467 2084 praecipue
481 2001 591 2067 elucet
604 2002 658 2083 (5),
675 2005 748 2065 tum
762 2000 797 2063 in
811 2000 946 2065 deliacis
961 2001 1063 2065 etism
1078 2008 1231 2085 apparet.

198 2096 264 2164 Sed
276 2098 464 2164 videbimus
491 2104 657 2183 quantum
686 2098 898 2164 similitudini
924 2098 1105 2163 concedere
1128 2098 1321 2165 debeamus.

159 2195 263 2278 Quod,
271 2197 476 2263 investiendi
482 2198 701 2281 comendique
712 2216 846 2278 genere,
861 2197 1005 2262 artifices
1019 2197 1131 2279 graeci
1140 2198 1327 2282 assyriique

159 2296 247 2361 inter
256 2313 329 2361 sese
343 2298 531 2371 concinunt,
548 2297 642 2361 nulla
656 2296 721 2361 alia
731 2314 830 2360 causa
840 2304 890 2360 est
899 2296 965 2360 nisi
974 2297 1063 2379 quod
1077 2302 1221 2379 utraque
1231 2297 1323 2361 natio

161 2394 279 2459 eadem
291 2395 491 2460 vestimenta
506 2396 690 2479 eademque
705 2401 903 2460 ornamenta
912 2394 1099 2478 usurpavit.
1109 2392 1176 2459 Nec
1185 2395 1324 2472 mirum,

161 2510 239 2558 cnm
252 2491 432 2559 Phoenices
447 2494 554 2559 textili
569 2494 747 2577 fabrilique
762 2499 834 2557 arte
854 2492 1085 2572 excelluerint,
1095 2511 1225 2559 merces
1247 2510 1326 2559 suas

161 2588 196 2653 in
211 2608 329 2656 omnes
344 2592 501 2673 regiones
515 2591 703 2667 intulerint,
719 2590 850 2656 Graecis
863 2590 990 2675 pariter
1002 2590 1214 2674 Assyriisque
1241 2610 1324 2657 ven·

161 2687 319 2764 diderint;
336 2689 394 2772 qui
412 2695 445 2754 et
467 2690 502 2753 in
530 2688 703 2754 Graeciam
718 2688 936 2772 Assyriorum
963 2706 1066 2773 opera
1093 2693 1329 2771 comportave-

162 2793 251 2852 runt.
264 2787 329 2853 Sed
344 2792 525 2853 tamenaut
545 2788 713 2871 simplices
725 2788 1085 2872 inomatasquevestes
1096 2786 1329 2871 praetulerunt

163 2884 285 2964 Graeci,
293 2891 351 2951 aut
360 2887 471 2952 cultus
484 2891 684 2971 apparatum
698 2886 894 2970 simpliciter
901 2887 937 2951 iu
946 2886 1066 2951 statuis
1078 2889 1326 2965 expresserunt,

163 2982 1329 3068 seusingulanegligebantseucoloribustuntumdepingebant.Jam

163 3083 386 3166 componendi
399 3084 541 3148 amictus
559 3083 660 3167 plane
671 3082 736 3148 alia
749 3082 834 3148 ratio
847 3082 913 3148 lnit
925 3083 1014 3167 apud
1026 3086 1209 3165 utrumque
1223 3100 1331 3166 popu·

163 3180 236 3245 lum
250 3186 284 3247 et
297 3180 332 3246 in
345 3186 487 3265 utraque
501 3186 583 3246 arte.

203 3278 305 3344 Coma
332 3278 498 3360 longiore,
527 3280 563 3343 in
595 3279 757 3345 humeros
785 3284 991 3364 tergumque
1026 3279 1144 3358 effusa,
1166 3273 1329 3343 cincinnis

165 3377 339 3459 eleganter
353 3376 586 3441 calamistratis
601 3376 715 3443 Graeci
729 3378 981 3459 gloriabantur:
998 3376 1062 3443 hoc
1075 3377 1138 3442 tuit
1157 3374 1248 3460 apud
1271 3390 1331 3439 eos

165 3475 307 3541 deorum
320 3475 595 3558 mortaliumque,
607 3475 760 3541 virorum
773 3475 1044 3559 feminarumque
1057 3476 1169 3541 decus.
1186 3473 1330 3551 Quamo-

164 3574 262 3639 brem
279 3574 474 3658 saepissime
500 3573 590 3657 apud
623 3572 808 3639 Homerum
830 3579 1011 3640 occurrunt
1036 3573 1139 3641 verba
1157 3580 1329 3656 ἀκερσεκόμης,

163 3686 376 3758 καλλιπλόκαμος,
394 3685 605 3758 καρηιομόωντες,
619 3684 700 3740 ὄπιθεν
713 3686 861 3759 κομόωντες,
873 3686 961 3759 χαίτης
970 3683 1095 3759 chauve,
1105 3677 1267 3757 ὤμουςβλο.
1275 3670 1328 3753 (6).

215 3816 241 3883 l)
256 3811 405 3882 Herodot,
423 3828 443 3881 1,
458 3812 525 3881 1953
542 3810 578 3869 ct.
594 3812 704 3881 Perrot,
719 3812 791 3869 Hist.
805 3811 837 3867 de
851 3810 935 3879 turc,
947 3826 978 3879 11,
1015 3851 1022 3866 .
1037 3810 1090 3865 bid
1100 3826 1143 3883 sq.

213 3884 242 3957 2)
255 3886 332 3941 ilaec
346 3882 440 3957 operis
453 3882 651 3956 militibusque
663 3882 806 3940 convenit.
823 3884 933 3952 Perrot,
1006 3922 1026 3947 .,
1040 3881 1120 3937 tabb.
1135 3882 1196 3949 (52,
1210 3878 1273 3949 220,
1287 3892 1325 3933 ne

165 3956 272 4012 multas
291 3956 515 4013 numeraverim.
535 3956 593 4011 llsc
607 3971 658 4011 rex
676 3955 737 4027 ipse
755 3953 855 4019 utitur,
870 3954 953 4017 ibid,
966 3952 1027 4007 tab.
1039 3955 1065 4009 5.

201 4029 239 4101 (3)
252 4028 293 4083 De
304 4026 405 4093 textili,
415 4028 523 4095 Perrot,
531 4025 685 4082 tab.71.—
693 4026 735 4081 lie
745 4022 1129 4094 claro,Perrot,lbtd.,tabb.
1138 4026 1201 4079 255.
1210 4019 1332 4079 lianica·

165 4115 232 4155 rum
244 4098 339 4155 iorms
353 4097 455 4155 eadem
471 4099 513 4153 est
532 4097 649 4169 ubique,
669 4099 779 4166 Perrot,
799 4096 856 4151 tab.
873 4113 901 4151 x.

202 4170 241 4244 (4)
257 4170 339 4236 Quod
353 4170 406 4227 viri
418 4169 612 4241 mulieresque
627 4171 742 4241 gerunt,
753 4172 786 4224 ut
803 4184 863 4233 rex,
883 4165 987 4239 regina
1006 4164 1260 4237 ministrantesque
1275 4160 1329 4219 viri

166 4240 289 4315 (Perrot,
327 4242 411 4310 itta,
447 4240 525 4297 tabb.
566 4242 611 4307 27,
639 4239 696 4313 28),
723 4242 755 4296 ut
788 4238 925 4295 mulieres
952 4238 1104 4311 psallentes
1135 4239 1331 4308 cadentesque

167 4314 261 4383 (lita,
273 4313 334 4369 tab.
351 4312 422 4385 157),
435 4310 595 4383 eademque
611 4309 642 4366 in
655 4312 765 4381 tabule,
774 4310 894 4367 milites.

203 4384 241 4460 (5)
257 4384 407 4450 Quosvide
420 4382 497 4455 apud
506 4382 684 4438 Nevtonium
701 4404 716 4435 c
727 4385 920 4440 btscovetcs·
933 4399 940 4449 ;
956 4381 1061 4438 chares
1072 4397 1088 4436 c
1099 4380 1208 4452 Ruyeto
1225 4376 1333 4434 mirum

167 4454 200 4511 in
213 4456 334 4514 modum
348 4470 495 4527 expressus
510 4456 552 4509 est
565 4452 595 4509 in
605 4456 681 4510 liitct
695 4458 720 4511 et
735 4456 758 4512 te
773 4454 851 4521 delle
863 4454 1016 4522 Lotmtque,
1033 4453 1093 4509 tab.
1108 4468 1173 4508 xxv.

205 4526 243 4599 (6)
258 4526 370 4598 lietbig,
389 4529 444 4583 bes
457 4525 623 4581 homcriscbe
636 4528 699 4597 Ep„
711 4542 739 4599 p.
761 4527 812 4581 152
822 4540 886 4597 sqq.
907 4523 969 4597 (liis
983 4523 1156 4597 Kosmetik).
1174 4520 1283 4580 Pottisr
1301 4518 1333 4576 in

170 4597 349 4671 barsmberg
363 4600 393 4655 et
409 4596 518 4670 Saglio,
529 4598 677 4666 butham,
692 4612 715 4655 s.
727 4612 755 4654 v.
768 4595 858 4654 &ma
875 4612 904 4669 p.
922 4597 990 4653 1355
1002 4611 1066 4668 sqq.

1225 4714 1239 4760 'i
