<?xml version="1.0" encoding="UTF-8"?>
<!DOCTYPE html PUBLIC "-//W3C//DTD XHTML 1.0 Transitional//EN"
    "http://www.w3.org/TR/xhtml1/DTD/xhtml1-transitional.dtd">
<html xmlns="http://www.w3.org/1999/xhtml" xml:lang="en" lang="en">
 <head>
  <title>
</title>
<meta http-equiv="Content-Type" content="text/html;charset=utf-8" />
  <meta name='ocr-system' content='tesseract 3.04.00' />
  <meta name='ocr-capabilities' content='ocr_page ocr_carea ocr_par ocr_line ocrx_word'/>
</head>
<body>
  <div class='ocr_page' id='page_1' title='image "./deantiquissimis00homogoog_0039.png"; bbox 0 0 3534 5617; ppageno 0'>
   <div class='ocr_carea' id='block_1_1' title="bbox 689 690 867 761">
    <p class='ocr_par' dir='ltr' id='par_1_1' title="bbox 689 690 867 761">
     <span class='ocr_line' id='line_1_1' title="bbox 689 690 867 761; baseline 0.006 -20"><span class='ocrx_word' id='word_1_1' title='bbox 689 690 867 761; x_wconf 81' lang='lat'>..29-</span> 
     </span>
    </p>
   </div>
   <div class='ocr_carea' id='block_1_2' title="bbox 174 838 1362 4487">
    <p class='ocr_par' dir='ltr' id='par_1_2' title="bbox 174 838 1354 1234">
     <span class='ocr_line' id='line_1_2' title="bbox 216 838 1349 943; baseline 0.002 -26"><span class='ocrx_word' id='word_1_2' title='bbox 216 852 371 928; x_wconf 90' lang='lat' dir='ltr'><strong>Pallium,</strong></span> <span class='ocrx_word' id='word_1_3' title='bbox 390 856 480 938; x_wconf 92' lang='lat' dir='ltr'><strong>quod</strong></span> <span class='ocrx_word' id='word_1_4' title='bbox 501 838 703 923; x_wconf 84' lang='lat' dir='ltr'><strong>involvendo</strong></span> <span class='ocrx_word' id='word_1_5' title='bbox 726 859 1003 943; x_wconf 90' lang='lat' dir='ltr'><strong>protegendoqne</strong></span> <span class='ocrx_word' id='word_1_6' title='bbox 1024 858 1157 942; x_wconf 80' lang='lat' dir='ltr'>corpori</span> <span class='ocrx_word' id='word_1_7' title='bbox 1173 857 1349 922; x_wconf 80' lang='lat' dir='ltr'><strong>inventum</strong></span> 
     </span>
     <span class='ocr_line' id='line_1_3' title="bbox 174 953 1354 1038; baseline 0.003 -23"><span class='ocrx_word' id='word_1_8' title='bbox 174 956 238 1031; x_wconf 88' lang='lat' dir='ltr'><strong>est,</strong></span> <span class='ocrx_word' id='word_1_9' title='bbox 255 971 273 1018; x_wconf 91' lang='lat' dir='ltr'><strong>e</strong></span> <span class='ocrx_word' id='word_1_10' title='bbox 288 953 442 1019; x_wconf 76' lang='lat' dir='ltr'><strong>densiore</strong></span> <span class='ocrx_word' id='word_1_11' title='bbox 460 974 564 1038; x_wconf 88' lang='lat' dir='ltr'><strong>quum</strong></span> <span class='ocrx_word' id='word_1_12' title='bbox 579 957 692 1021; x_wconf 90' lang='lat' dir='ltr'><strong>tunica</strong></span> <span class='ocrx_word' id='word_1_13' title='bbox 705 959 848 1023; x_wconf 87' lang='lat' dir='ltr'><strong>materia</strong></span> <span class='ocrx_word' id='word_1_14' title='bbox 862 958 936 1031; x_wconf 80' lang='lat' dir='ltr'><strong>lieri</strong></span> <span class='ocrx_word' id='word_1_15' title='bbox 950 958 1082 1035; x_wconf 83' lang='lat' dir='ltr'><strong>dehuit3</strong></span> <span class='ocrx_word' id='word_1_16' title='bbox 1098 955 1234 1021; x_wconf 85' lang='lat' dir='ltr'><strong>lanificii</strong></span> <span class='ocrx_word' id='word_1_17' title='bbox 1248 956 1354 1036; x_wconf 88' lang='lat' dir='ltr'><strong>igitur</strong></span> 
     </span>
     <span class='ocr_line' id='line_1_4' title="bbox 178 1050 1353 1140; baseline 0.003 -26"><span class='ocrx_word' id='word_1_18' title='bbox 178 1050 326 1132; x_wconf 82' lang='lat' dir='ltr'><strong>spissam</strong></span> <span class='ocrx_word' id='word_1_19' title='bbox 340 1070 548 1137; x_wconf 53' lang='lat' dir='ltr'><strong>&amp;avemque</strong></span> <span class='ocrx_word' id='word_1_20' title='bbox 562 1054 712 1122; x_wconf 81' lang='lat' dir='ltr'><strong>indolem</strong></span> <span class='ocrx_word' id='word_1_21' title='bbox 726 1075 834 1139; x_wconf 91' lang='lat' dir='ltr'><strong>rugae</strong></span> <span class='ocrx_word' id='word_1_22' title='bbox 858 1058 958 1121; x_wconf 92' lang='lat' dir='ltr'><strong>altius</strong></span> <span class='ocrx_word' id='word_1_23' title='bbox 974 1056 1160 1140; x_wconf 88' lang='lat' dir='ltr'><strong>impressae</strong></span> <span class='ocrx_word' id='word_1_24' title='bbox 1181 1060 1214 1121; x_wconf 90' lang='lat' dir='ltr'><strong>et</strong></span> <span class='ocrx_word' id='word_1_25' title='bbox 1237 1054 1353 1119; x_wconf 93' lang='lat' dir='ltr'><strong>ordine</strong></span> 
     </span>
     <span class='ocr_line' id='line_1_5' title="bbox 179 1148 846 1234; baseline 0.012 -22"><span class='ocrx_word' id='word_1_26' title='bbox 179 1148 223 1213; x_wconf 90' lang='lat' dir='ltr'><strong>ad</strong></span> <span class='ocrx_word' id='word_1_27' title='bbox 237 1151 515 1234; x_wconf 80' lang='lat' dir='ltr'>perpendiculum</span> <span class='ocrx_word' id='word_1_28' title='bbox 529 1152 671 1219; x_wconf 89' lang='lat' dir='ltr'><strong>directae</strong></span> <span class='ocrx_word' id='word_1_29' title='bbox 686 1154 846 1220; x_wconf 90' lang='lat' dir='ltr'><strong>indicant.</strong></span> 
     </span>
    </p>

    <p class='ocr_par' dir='ltr' id='par_1_3' title="bbox 182 1246 1356 1929">
     <span class='ocr_line' id='line_1_6' title="bbox 221 1246 1354 1337; baseline 0.004 -25"><span class='ocrx_word' id='word_1_30' title='bbox 221 1246 403 1333; x_wconf 74' lang='lat' dir='ltr'><strong>Descriptio</strong></span> <span class='ocrx_word' id='word_1_31' title='bbox 422 1270 502 1317; x_wconf 89' lang='lat' dir='ltr'><strong>vero</strong></span> <span class='ocrx_word' id='word_1_32' title='bbox 518 1250 599 1318; x_wconf 91' lang='lat' dir='ltr'><strong>haec</strong></span> <span class='ocrx_word' id='word_1_33' title='bbox 619 1257 690 1319; x_wconf 87' lang='lat' dir='ltr'><strong>est:</strong></span> <span class='ocrx_word' id='word_1_34' title='bbox 720 1254 862 1337; x_wconf 91' lang='lat' dir='ltr'><strong>pallium</strong></span> <span class='ocrx_word' id='word_1_35' title='bbox 887 1254 1042 1320; x_wconf 88' lang='lat' dir='ltr'><strong>sinistrae</strong></span> <span class='ocrx_word' id='word_1_36' title='bbox 1070 1270 1240 1318; x_wconf 89' lang='lat' dir='ltr'><strong>mammae</strong></span> <span class='ocrx_word' id='word_1_37' title='bbox 1266 1249 1354 1316; x_wconf 85' lang='lat' dir='ltr'><strong>exil-</strong></span> 
     </span>
     <span class='ocr_line' id='line_1_7' title="bbox 182 1345 1352 1436; baseline 0.002 -25"><span class='ocrx_word' id='word_1_38' title='bbox 182 1345 303 1430; x_wconf 90' lang='lat' dir='ltr'><strong>laeqne</strong></span> <span class='ocrx_word' id='word_1_39' title='bbox 317 1350 540 1433; x_wconf 90' lang='lat' dir='ltr'><strong>suppositum,</strong></span> <span class='ocrx_word' id='word_1_40' title='bbox 562 1352 599 1414; x_wconf 91' lang='lat' dir='ltr'><strong>in</strong></span> <span class='ocrx_word' id='word_1_41' title='bbox 622 1352 741 1417; x_wconf 88' lang='lat' dir='ltr'><strong>dextro</strong></span> <span class='ocrx_word' id='word_1_42' title='bbox 756 1352 900 1419; x_wconf 90' lang='lat' dir='ltr'><strong>humero</strong></span> <span class='ocrx_word' id='word_1_43' title='bbox 925 1355 1071 1436; x_wconf 78' lang='lat' dir='ltr'><strong>desuper</strong></span> <span class='ocrx_word' id='word_1_44' title='bbox 1090 1351 1268 1432; x_wconf 92' lang='lat' dir='ltr'><strong>alligatum</strong></span> <span class='ocrx_word' id='word_1_45' title='bbox 1290 1354 1352 1427; x_wconf 91' lang='lat' dir='ltr'><strong>est,</strong></span> 
     </span>
     <span class='ocr_line' id='line_1_8' title="bbox 182 1447 1355 1536; baseline 0.003 -28"><span class='ocrx_word' id='word_1_46' title='bbox 182 1447 231 1509; x_wconf 90' lang='lat' dir='ltr'><strong>ila</strong></span> <span class='ocrx_word' id='word_1_47' title='bbox 245 1452 283 1510; x_wconf 95' lang='lat' dir='ltr'><strong>ut</strong></span> <span class='ocrx_word' id='word_1_48' title='bbox 294 1452 526 1515; x_wconf 89' lang='lat' dir='ltr'><strong>transversum</strong></span> <span class='ocrx_word' id='word_1_49' title='bbox 540 1467 600 1533; x_wconf 90' lang='lat' dir='ltr'><strong>per</strong></span> <span class='ocrx_word' id='word_1_50' title='bbox 615 1456 731 1534; x_wconf 93' lang='lat' dir='ltr'><strong>pectus</strong></span> <span class='ocrx_word' id='word_1_51' title='bbox 753 1456 958 1536; x_wconf 78' lang='lat' dir='ltr'><strong>tergumque</strong></span> <span class='ocrx_word' id='word_1_52' title='bbox 972 1456 1105 1534; x_wconf 85' lang='lat' dir='ltr'><strong>agatur,</strong></span> <span class='ocrx_word' id='word_1_53' title='bbox 1116 1450 1152 1514; x_wconf 92' lang='lat' dir='ltr'><strong>in</strong></span> <span class='ocrx_word' id='word_1_54' title='bbox 1167 1449 1267 1514; x_wconf 86' lang='lat' dir='ltr'><strong>hallei</strong></span> <span class='ocrx_word' id='word_1_55' title='bbox 1284 1447 1355 1513; x_wconf 83' lang='lat' dir='ltr'><strong>lero</strong></span> 
     </span>
     <span class='ocr_line' id='line_1_9' title="bbox 183 1545 1354 1634; baseline 0.003 -26"><span class='ocrx_word' id='word_1_56' title='bbox 183 1545 346 1626; x_wconf 90' lang='lat' dir='ltr'><strong>modum;</strong></span> <span class='ocrx_word' id='word_1_57' title='bbox 376 1553 527 1613; x_wconf 83' lang='lat' dir='ltr'><strong>extreme</strong></span> <span class='ocrx_word' id='word_1_58' title='bbox 548 1567 638 1632; x_wconf 85' lang='lat' dir='ltr'><strong>pars,</strong></span> <span class='ocrx_word' id='word_1_59' title='bbox 664 1569 750 1634; x_wconf 89' lang='lat' dir='ltr'><strong>quae</strong></span> <span class='ocrx_word' id='word_1_60' title='bbox 782 1552 983 1633; x_wconf 88' lang='lat' dir='ltr'><strong>longissima</strong></span> <span class='ocrx_word' id='word_1_61' title='bbox 1005 1554 1067 1628; x_wconf 89' lang='lat' dir='ltr'><strong>est,</strong></span> <span class='ocrx_word' id='word_1_62' title='bbox 1095 1548 1185 1613; x_wconf 90' lang='lat' dir='ltr'><strong>ultra</strong></span> <span class='ocrx_word' id='word_1_63' title='bbox 1205 1548 1354 1630; x_wconf 89' lang='lat' dir='ltr'><strong>citraque</strong></span> 
     </span>
     <span class='ocr_line' id='line_1_10' title="bbox 184 1642 1352 1732; baseline 0.002 -25"><span class='ocrx_word' id='word_1_64' title='bbox 184 1642 341 1710; x_wconf 88' lang='lat' dir='ltr'><strong>dextrum</strong></span> <span class='ocrx_word' id='word_1_65' title='bbox 356 1646 532 1712; x_wconf 83' lang='lat' dir='ltr'><strong>brachium</strong></span> <span class='ocrx_word' id='word_1_66' title='bbox 546 1647 711 1732; x_wconf 87' lang='lat' dir='ltr'><strong>dependet</strong></span> <span class='ocrx_word' id='word_1_67' title='bbox 731 1656 764 1715; x_wconf 90' lang='lat' dir='ltr'><strong>et</strong></span> <span class='ocrx_word' id='word_1_68' title='bbox 788 1668 903 1715; x_wconf 89' lang='lat' dir='ltr'><strong>suram</strong></span> <span class='ocrx_word' id='word_1_69' title='bbox 918 1649 1065 1731; x_wconf 88' lang='lat' dir='ltr'><strong>attingit.</strong></span> <span class='ocrx_word' id='word_1_70' title='bbox 1082 1646 1225 1713; x_wconf 90' lang='lat' dir='ltr'><strong>Pallium</strong></span> <span class='ocrx_word' id='word_1_71' title='bbox 1240 1664 1352 1718; x_wconf 91' lang='lat' dir='ltr'><strong>omne,</strong></span> 
     </span>
     <span class='ocr_line' id='line_1_11' title="bbox 184 1745 1356 1833; baseline 0.001 -26"><span class='ocrx_word' id='word_1_72' title='bbox 184 1746 218 1807; x_wconf 88' lang='lat' dir='ltr'><strong>et</strong></span> <span class='ocrx_word' id='word_1_73' title='bbox 240 1761 307 1827; x_wconf 90' lang='lat' dir='ltr'><strong>qua</strong></span> <span class='ocrx_word' id='word_1_74' title='bbox 328 1745 458 1829; x_wconf 89' lang='lat' dir='ltr'><strong>corpori</strong></span> <span class='ocrx_word' id='word_1_75' title='bbox 485 1745 654 1824; x_wconf 82' lang='lat' dir='ltr'><strong>adhaeret,</strong></span> <span class='ocrx_word' id='word_1_76' title='bbox 679 1752 713 1813; x_wconf 89' lang='lat' dir='ltr'><strong>et</strong></span> <span class='ocrx_word' id='word_1_77' title='bbox 737 1765 803 1833; x_wconf 93' lang='lat' dir='ltr'><strong>qua</strong></span> <span class='ocrx_word' id='word_1_78' title='bbox 829 1748 954 1825; x_wconf 90' lang='lat' dir='ltr'><strong>delluit,</strong></span> <span class='ocrx_word' id='word_1_79' title='bbox 985 1747 1082 1830; x_wconf 86' lang='lat' dir='ltr'><strong>rugis</strong></span> <span class='ocrx_word' id='word_1_80' title='bbox 1116 1746 1274 1811; x_wconf 82' lang='lat' dir='ltr'><strong>striatam</strong></span> <span class='ocrx_word' id='word_1_81' title='bbox 1304 1748 1356 1809; x_wconf 88' lang='lat' dir='ltr'><strong>est</strong></span> 
     </span>
     <span class='ocr_line' id='line_1_12' title="bbox 183 1842 803 1929; baseline 0.013 -26"><span class='ocrx_word' id='word_1_82' title='bbox 183 1842 353 1922; x_wconf 82' lang='lat' dir='ltr'><strong>parallelis</strong></span> <span class='ocrx_word' id='word_1_83' title='bbox 368 1848 401 1907; x_wconf 92' lang='lat' dir='ltr'><strong>et</strong></span> <span class='ocrx_word' id='word_1_84' title='bbox 413 1844 581 1925; x_wconf 80' lang='lat' dir='ltr'><strong>gradatim</strong></span> <span class='ocrx_word' id='word_1_85' title='bbox 596 1846 803 1929; x_wconf 88' lang='lat' dir='ltr'><strong>compositis.</strong></span> 
     </span>
    </p>

    <p class='ocr_par' dir='ltr' id='par_1_4' title="bbox 185 1938 1355 2223">
     <span class='ocr_line' id='line_1_13' title="bbox 222 1938 1354 2030; baseline 0.001 -26"><span class='ocrx_word' id='word_1_86' title='bbox 222 1938 325 2023; x_wconf 90' lang='lat' dir='ltr'><strong>Cujus</strong></span> <span class='ocrx_word' id='word_1_87' title='bbox 339 1942 486 2023; x_wconf 88' lang='lat' dir='ltr'><strong>speciem</strong></span> <span class='ocrx_word' id='word_1_88' title='bbox 499 1943 675 2010; x_wconf 89' lang='lat' dir='ltr'><strong>verissime</strong></span> <span class='ocrx_word' id='word_1_89' title='bbox 689 1946 815 2011; x_wconf 89' lang='lat' dir='ltr'><strong>imitari</strong></span> <span class='ocrx_word' id='word_1_90' title='bbox 834 1944 940 2029; x_wconf 87' lang='lat' dir='ltr'><strong>potui,</strong></span> <span class='ocrx_word' id='word_1_91' title='bbox 967 1964 1078 2030; x_wconf 90' lang='lat' dir='ltr'><strong>panno</strong></span> <span class='ocrx_word' id='word_1_92' title='bbox 1101 1961 1185 2010; x_wconf 89' lang='lat' dir='ltr'><strong>usus</strong></span> <span class='ocrx_word' id='word_1_93' title='bbox 1215 1941 1354 2026; x_wconf 89' lang='lat' dir='ltr'><strong>amplie-</strong></span> 
     </span>
     <span class='ocr_line' id='line_1_14' title="bbox 185 2036 1355 2127; baseline 0.003 -26"><span class='ocrx_word' id='word_1_94' title='bbox 185 2036 272 2103; x_wconf 91' lang='lat' dir='ltr'><strong>simo</strong></span> <span class='ocrx_word' id='word_1_95' title='bbox 290 2038 531 2125; x_wconf 79' lang='lat' dir='ltr'><strong>quadrataque,</strong></span> <span class='ocrx_word' id='word_1_96' title='bbox 553 2043 611 2109; x_wconf 90' lang='lat' dir='ltr'><strong>sed</strong></span> <span class='ocrx_word' id='word_1_97' title='bbox 632 2045 691 2127; x_wconf 93' lang='lat' dir='ltr'><strong>qui</strong></span> <span class='ocrx_word' id='word_1_98' title='bbox 712 2045 748 2109; x_wconf 93' lang='lat' dir='ltr'><strong>in</strong></span> <span class='ocrx_word' id='word_1_99' title='bbox 771 2045 1021 2127; x_wconf 80' lang='lat' dir='ltr'><strong>longitudinem</strong></span> <span class='ocrx_word' id='word_1_100' title='bbox 1051 2044 1163 2127; x_wconf 88' lang='lat' dir='ltr'><strong>magis</strong></span> <span class='ocrx_word' id='word_1_101' title='bbox 1188 2060 1292 2127; x_wconf 90' lang='lat' dir='ltr'><strong>quam</strong></span> <span class='ocrx_word' id='word_1_102' title='bbox 1319 2045 1355 2105; x_wconf 92' lang='lat' dir='ltr'><strong>in</strong></span> 
     </span>
     <span class='ocr_line' id='line_1_15' title="bbox 186 2134 561 2223; baseline 0.019 -25"><span class='ocrx_word' id='word_1_103' title='bbox 186 2134 401 2203; x_wconf 89' lang='lat' dir='ltr'><strong>latitudinem</strong></span> <span class='ocrx_word' id='word_1_104' title='bbox 416 2140 561 2223; x_wconf 86' lang='lat' dir='ltr'><strong>patebat.</strong></span> 
     </span>
    </p>

    <p class='ocr_par' dir='ltr' id='par_1_5' title="bbox 186 2233 1357 2621">
     <span class='ocr_line' id='line_1_16' title="bbox 226 2233 1357 2326; baseline 0.005 -29"><span class='ocrx_word' id='word_1_105' title='bbox 226 2233 296 2299; x_wconf 88' lang='lat' dir='ltr'><strong>Hoc</strong></span> <span class='ocrx_word' id='word_1_106' title='bbox 310 2254 431 2320; x_wconf 89' lang='lat' dir='ltr'><strong>corpus</strong></span> <span class='ocrx_word' id='word_1_107' title='bbox 447 2237 499 2303; x_wconf 89' lang='lat' dir='ltr'><strong>his</strong></span> <span class='ocrx_word' id='word_1_108' title='bbox 512 2238 705 2306; x_wconf 89' lang='lat' dir='ltr'><strong>involutum</strong></span> <span class='ocrx_word' id='word_1_109' title='bbox 720 2258 794 2307; x_wconf 89' lang='lat' dir='ltr'><strong>esse</strong></span> <span class='ocrx_word' id='word_1_110' title='bbox 808 2242 909 2319; x_wconf 91' lang='lat' dir='ltr'><strong>dicas,</strong></span> <span class='ocrx_word' id='word_1_111' title='bbox 925 2260 1007 2308; x_wconf 90' lang='lat' dir='ltr'><strong>nam</strong></span> <span class='ocrx_word' id='word_1_112' title='bbox 1021 2240 1213 2326; x_wconf 88' lang='lat' dir='ltr'><strong>duplicatus</strong></span> <span class='ocrx_word' id='word_1_113' title='bbox 1236 2244 1299 2317; x_wconf 91' lang='lat' dir='ltr'><strong>est,</strong></span> <span class='ocrx_word' id='word_1_114' title='bbox 1322 2242 1357 2303; x_wconf 92' lang='lat' dir='ltr'><strong>et</strong></span> 
     </span>
     <span class='ocr_line' id='line_1_17' title="bbox 186 2330 1354 2425; baseline 0.004 -30"><span class='ocrx_word' id='word_1_115' title='bbox 186 2330 223 2397; x_wconf 94' lang='lat' dir='ltr'><strong>in</strong></span> <span class='ocrx_word' id='word_1_116' title='bbox 246 2334 380 2400; x_wconf 89' lang='lat' dir='ltr'><strong>ordines</strong></span> <span class='ocrx_word' id='word_1_117' title='bbox 404 2335 470 2401; x_wconf 93' lang='lat' dir='ltr'><strong>duo</strong></span> <span class='ocrx_word' id='word_1_118' title='bbox 495 2340 711 2421; x_wconf 84' lang='lat' dir='ltr'><strong>compositus,</strong></span> <span class='ocrx_word' id='word_1_119' title='bbox 742 2358 852 2406; x_wconf 90' lang='lat' dir='ltr'><strong>unum</strong></span> <span class='ocrx_word' id='word_1_120' title='bbox 876 2342 935 2425; x_wconf 89' lang='lat' dir='ltr'><strong>qui</strong></span> <span class='ocrx_word' id='word_1_121' title='bbox 962 2340 1087 2424; x_wconf 84' lang='lat' dir='ltr'><strong>pectori</strong></span> <span class='ocrx_word' id='word_1_122' title='bbox 1113 2338 1354 2424; x_wconf 86' lang='lat' dir='ltr'><strong>praetenditur,</strong></span> 
     </span>
     <span class='ocr_line' id='line_1_18' title="bbox 186 2430 1353 2523; baseline 0.003 -29"><span class='ocrx_word' id='word_1_123' title='bbox 186 2430 333 2497; x_wconf 89' lang='lat' dir='ltr'><strong>alterum</strong></span> <span class='ocrx_word' id='word_1_124' title='bbox 347 2434 404 2517; x_wconf 92' lang='lat' dir='ltr'><strong>qui</strong></span> <span class='ocrx_word' id='word_1_125' title='bbox 419 2435 519 2518; x_wconf 88' lang='lat' dir='ltr'><strong>pedes</strong></span> <span class='ocrx_word' id='word_1_126' title='bbox 533 2436 687 2518; x_wconf 87' lang='lat' dir='ltr'><strong>attingit;</strong></span> <span class='ocrx_word' id='word_1_127' title='bbox 703 2438 750 2503; x_wconf 92' lang='lat' dir='ltr'><strong>ita</strong></span> <span class='ocrx_word' id='word_1_128' title='bbox 762 2457 844 2504; x_wconf 87' lang='lat' dir='ltr'><strong>vero</strong></span> <span class='ocrx_word' id='word_1_129' title='bbox 858 2445 935 2523; x_wconf 92' lang='lat' dir='ltr'><strong>apte</strong></span> <span class='ocrx_word' id='word_1_130' title='bbox 949 2438 1196 2503; x_wconf 90' lang='lat' dir='ltr'><strong>circumductus</strong></span> <span class='ocrx_word' id='word_1_131' title='bbox 1219 2440 1282 2509; x_wconf 84' lang='lat' dir='ltr'><strong>est,</strong></span> <span class='ocrx_word' id='word_1_132' title='bbox 1304 2440 1353 2513; x_wconf 89' lang='lat' dir='ltr'><strong>nt,</strong></span> 
     </span>
     <span class='ocr_line' id='line_1_19' title="bbox 189 2534 1354 2621; baseline 0.002 -26"><span class='ocrx_word' id='word_1_133' title='bbox 189 2548 385 2616; x_wconf 89' lang='lat' dir='ltr'><strong>quanquam</strong></span> <span class='ocrx_word' id='word_1_134' title='bbox 399 2552 504 2599; x_wconf 87' lang='lat' dir='ltr'><strong>manu</strong></span> <span class='ocrx_word' id='word_1_135' title='bbox 516 2536 673 2599; x_wconf 81' lang='lat' dir='ltr'><strong>collectus</strong></span> <span class='ocrx_word' id='word_1_136' title='bbox 690 2537 845 2612; x_wconf 88' lang='lat' dir='ltr'><strong>trahitur,</strong></span> <span class='ocrx_word' id='word_1_137' title='bbox 864 2555 1034 2621; x_wconf 89' lang='lat' dir='ltr'><strong>nusquam</strong></span> <span class='ocrx_word' id='word_1_138' title='bbox 1041 2536 1111 2601; x_wconf 92' lang='lat' dir='ltr'><strong>hiet</strong></span> <span class='ocrx_word' id='word_1_139' title='bbox 1122 2534 1354 2600; x_wconf 88' lang='lat' dir='ltr'><strong>commissura.</strong></span> 
     </span>
    </p>

    <p class='ocr_par' dir='ltr' id='par_1_6' title="bbox 184 2628 1358 3207">
     <span class='ocr_line' id='line_1_20' title="bbox 228 2628 1358 2717; baseline 0.002 -24"><span class='ocrx_word' id='word_1_140' title='bbox 228 2628 302 2693; x_wconf 76' lang='lat' dir='ltr'><strong>alia</strong></span> <span class='ocrx_word' id='word_1_141' title='bbox 315 2630 414 2713; x_wconf 92' lang='lat' dir='ltr'><strong>plane</strong></span> <span class='ocrx_word' id='word_1_142' title='bbox 428 2632 557 2697; x_wconf 89' lang='lat' dir='ltr'><strong>ratione</strong></span> <span class='ocrx_word' id='word_1_143' title='bbox 572 2632 725 2715; x_wconf 89' lang='lat' dir='ltr'><strong>superior</strong></span> <span class='ocrx_word' id='word_1_144' title='bbox 736 2633 828 2715; x_wconf 90' lang='lat' dir='ltr'><strong>pallii</strong></span> <span class='ocrx_word' id='word_1_145' title='bbox 839 2653 928 2717; x_wconf 89' lang='lat' dir='ltr'><strong>pars,</strong></span> <span class='ocrx_word' id='word_1_146' title='bbox 941 2635 1006 2699; x_wconf 90' lang='lat' dir='ltr'><strong>alia</strong></span> <span class='ocrx_word' id='word_1_147' title='bbox 1020 2632 1159 2698; x_wconf 86' lang='lat' dir='ltr'><strong>inlerior</strong></span> <span class='ocrx_word' id='word_1_148' title='bbox 1173 2631 1358 2715; x_wconf 86' lang='lat' dir='ltr'><strong>composita</strong></span> 
     </span>
     <span class='ocr_line' id='line_1_21' title="bbox 188 2729 1358 2817; baseline 0.002 -26"><span class='ocrx_word' id='word_1_149' title='bbox 188 2732 258 2805; x_wconf 82' lang='lat' dir='ltr'><strong>est3</strong></span> <span class='ocrx_word' id='word_1_150' title='bbox 274 2746 421 2813; x_wconf 92' lang='lat' dir='ltr'><strong>namque</strong></span> <span class='ocrx_word' id='word_1_151' title='bbox 435 2730 517 2795; x_wconf 87' lang='lat' dir='ltr'><strong>haec</strong></span> <span class='ocrx_word' id='word_1_152' title='bbox 530 2730 607 2795; x_wconf 84' lang='lat' dir='ltr'><strong>laxa</strong></span> <span class='ocrx_word' id='word_1_153' title='bbox 621 2737 654 2796; x_wconf 92' lang='lat' dir='ltr'><strong>et</strong></span> <span class='ocrx_word' id='word_1_154' title='bbox 666 2731 761 2809; x_wconf 87' lang='lat' dir='ltr'><strong>levis,</strong></span> <span class='ocrx_word' id='word_1_155' title='bbox 778 2732 843 2797; x_wconf 89' lang='lat' dir='ltr'><strong>nisi</strong></span> <span class='ocrx_word' id='word_1_156' title='bbox 858 2732 948 2817; x_wconf 92' lang='lat' dir='ltr'><strong>quod</strong></span> <span class='ocrx_word' id='word_1_157' title='bbox 962 2749 1068 2798; x_wconf 90' lang='lat' dir='ltr'><strong>manu</strong></span> <span class='ocrx_word' id='word_1_158' title='bbox 1085 2732 1222 2797; x_wconf 88' lang='lat' dir='ltr'><strong>collecta</strong></span> <span class='ocrx_word' id='word_1_159' title='bbox 1236 2729 1358 2795; x_wconf 90' lang='lat' dir='ltr'><strong>adduc·</strong></span> 
     </span>
     <span class='ocr_line' id='line_1_22' title="bbox 186 2828 1357 2910; baseline -0.002 -19"><span class='ocrx_word' id='word_1_160' title='bbox 186 2832 288 2910; x_wconf 88' lang='lat' dir='ltr'><strong>taque</strong></span> <span class='ocrx_word' id='word_1_161' title='bbox 314 2832 536 2909; x_wconf 83' lang='lat' dir='ltr'><strong>corrugatur3</strong></span> <span class='ocrx_word' id='word_1_162' title='bbox 564 2828 622 2893; x_wconf 92' lang='lat' dir='ltr'><strong>illa</strong></span> <span class='ocrx_word' id='word_1_163' title='bbox 645 2848 780 2895; x_wconf 90' lang='lat' dir='ltr'><strong>summa</strong></span> <span class='ocrx_word' id='word_1_164' title='bbox 807 2830 973 2896; x_wconf 89' lang='lat' dir='ltr'><strong>industria</strong></span> <span class='ocrx_word' id='word_1_165' title='bbox 991 2832 1027 2896; x_wconf 95' lang='lat' dir='ltr'><strong>in</strong></span> <span class='ocrx_word' id='word_1_166' title='bbox 1050 2836 1168 2895; x_wconf 91' lang='lat' dir='ltr'><strong>tennes</strong></span> <span class='ocrx_word' id='word_1_167' title='bbox 1200 2830 1357 2894; x_wconf 91' lang='lat' dir='ltr'><strong>innume·</strong></span> 
     </span>
     <span class='ocr_line' id='line_1_23' title="bbox 184 2925 1354 3012; baseline -0.001 -23"><span class='ocrx_word' id='word_1_168' title='bbox 184 2943 307 3009; x_wconf 89' lang='lat' dir='ltr'><strong>rosque</strong></span> <span class='ocrx_word' id='word_1_169' title='bbox 320 2927 414 2991; x_wconf 89' lang='lat' dir='ltr'><strong>sinus</strong></span> <span class='ocrx_word' id='word_1_170' title='bbox 430 2926 599 3009; x_wconf 88' lang='lat' dir='ltr'><strong>implicata</strong></span> <span class='ocrx_word' id='word_1_171' title='bbox 612 2936 673 3004; x_wconf 90' lang='lat' dir='ltr'><strong>est,</strong></span> <span class='ocrx_word' id='word_1_172' title='bbox 690 2928 748 3012; x_wconf 88' lang='lat' dir='ltr'><strong>qui</strong></span> <span class='ocrx_word' id='word_1_173' title='bbox 762 2932 816 2993; x_wconf 92' lang='lat' dir='ltr'><strong>vel</strong></span> <span class='ocrx_word' id='word_1_174' title='bbox 829 2930 870 2995; x_wconf 88' lang='lat' dir='ltr'><strong>ad</strong></span> <span class='ocrx_word' id='word_1_175' title='bbox 884 2930 1012 2994; x_wconf 89' lang='lat' dir='ltr'><strong>lineam</strong></span> <span class='ocrx_word' id='word_1_176' title='bbox 1026 2929 1141 2994; x_wconf 88' lang='lat' dir='ltr'><strong>directi</strong></span> <span class='ocrx_word' id='word_1_177' title='bbox 1164 2932 1254 3000; x_wconf 88' lang='lat' dir='ltr'><strong>sunt,</strong></span> <span class='ocrx_word' id='word_1_178' title='bbox 1281 2925 1354 2989; x_wconf 83' lang='lat' dir='ltr'><strong>lere</strong></span> 
     </span>
     <span class='ocr_line' id='line_1_24' title="bbox 185 3022 1352 3110; baseline -0.004 -20"><span class='ocrx_word' id='word_1_179' title='bbox 185 3030 224 3090; x_wconf 91' lang='lat' dir='ltr'><strong>ut</strong></span> <span class='ocrx_word' id='word_1_180' title='bbox 244 3026 346 3091; x_wconf 88' lang='lat' dir='ltr'><strong>striae</strong></span> <span class='ocrx_word' id='word_1_181' title='bbox 363 3026 449 3091; x_wconf 90' lang='lat' dir='ltr'><strong>llnnt</strong></span> <span class='ocrx_word' id='word_1_182' title='bbox 471 3026 508 3091; x_wconf 91' lang='lat' dir='ltr'><strong>in</strong></span> <span class='ocrx_word' id='word_1_183' title='bbox 535 3025 713 3107; x_wconf 91' lang='lat' dir='ltr'><strong>columnis,</strong></span> <span class='ocrx_word' id='word_1_184' title='bbox 736 3026 789 3092; x_wconf 89' lang='lat' dir='ltr'><strong>vel</strong></span> <span class='ocrx_word' id='word_1_185' title='bbox 814 3027 849 3091; x_wconf 95' lang='lat' dir='ltr'><strong>in</strong></span> <span class='ocrx_word' id='word_1_186' title='bbox 875 3029 993 3094; x_wconf 90' lang='lat' dir='ltr'><strong>orhem</strong></span> <span class='ocrx_word' id='word_1_187' title='bbox 1021 3026 1153 3110; x_wconf 91' lang='lat' dir='ltr'><strong>corpori</strong></span> <span class='ocrx_word' id='word_1_188' title='bbox 1181 3029 1261 3090; x_wconf 91' lang='lat' dir='ltr'><strong>sunt</strong></span> <span class='ocrx_word' id='word_1_189' title='bbox 1289 3022 1352 3087; x_wconf 91' lang='lat' dir='ltr'><strong>cir·</strong></span> 
     </span>
     <span class='ocr_line' id='line_1_25' title="bbox 188 3124 430 3207; baseline -0.004 -18"><span class='ocrx_word' id='word_1_190' title='bbox 188 3124 359 3190; x_wconf 90' lang='lat' dir='ltr'><strong>cumducli</strong></span> <span class='ocrx_word' id='word_1_191' title='bbox 374 3125 430 3207; x_wconf 82' lang='lat' dir='ltr'><strong>(t).</strong></span> 
     </span>
    </p>

    <p class='ocr_par' dir='ltr' id='par_1_7' title="bbox 228 3221 1197 3308">
     <span class='ocr_line' id='line_1_26' title="bbox 228 3221 1197 3308; baseline -0.004 -20"><span class='ocrx_word' id='word_1_192' title='bbox 228 3221 331 3288; x_wconf 91' lang='lat' dir='ltr'><strong>Pedes</strong></span> <span class='ocrx_word' id='word_1_193' title='bbox 346 3224 453 3289; x_wconf 91' lang='lat' dir='ltr'><strong>nudos</strong></span> <span class='ocrx_word' id='word_1_194' title='bbox 467 3222 572 3290; x_wconf 81' lang='lat' dir='ltr'><strong>fuisse</strong></span> <span class='ocrx_word' id='word_1_195' title='bbox 587 3225 780 3307; x_wconf 79' lang='lat' dir='ltr'><strong>fragmenta</strong></span> <span class='ocrx_word' id='word_1_196' title='bbox 794 3226 895 3308; x_wconf 87' lang='lat' dir='ltr'><strong>plura</strong></span> <span class='ocrx_word' id='word_1_197' title='bbox 909 3225 1129 3291; x_wconf 87' lang='lat' dir='ltr'><strong>ostenderunt</strong></span> <span class='ocrx_word' id='word_1_198' title='bbox 1143 3221 1197 3305; x_wconf 65' lang='grc' dir='ltr'><strong>(Ξ).</strong></span> 
     </span>
    </p>

    <p class='ocr_par' dir='ltr' id='par_1_8' title="bbox 190 3315 1361 3798">
     <span class='ocr_line' id='line_1_27' title="bbox 229 3315 1360 3407; baseline -0.004 -22"><span class='ocrx_word' id='word_1_199' title='bbox 229 3318 367 3386; x_wconf 87' lang='lat' dir='ltr'><strong>Nullum</strong></span> <span class='ocrx_word' id='word_1_200' title='bbox 380 3322 416 3386; x_wconf 91' lang='lat' dir='ltr'><strong>in</strong></span> <span class='ocrx_word' id='word_1_201' title='bbox 430 3340 553 3389; x_wconf 87' lang='lat' dir='ltr'><strong>novem</strong></span> <span class='ocrx_word' id='word_1_202' title='bbox 565 3322 755 3388; x_wconf 90' lang='lat' dir='ltr'><strong>simulacris</strong></span> <span class='ocrx_word' id='word_1_203' title='bbox 768 3322 929 3388; x_wconf 87' lang='lat' dir='ltr'><strong>indicium</strong></span> <span class='ocrx_word' id='word_1_204' title='bbox 945 3321 1160 3407; x_wconf 90' lang='lat' dir='ltr'><strong>deprehendi,</strong></span> <span class='ocrx_word' id='word_1_205' title='bbox 1177 3337 1244 3403; x_wconf 94' lang='lat' dir='ltr'><strong>quo</strong></span> <span class='ocrx_word' id='word_1_206' title='bbox 1257 3315 1360 3382; x_wconf 84' lang='lat' dir='ltr'><strong>intel·</strong></span> 
     </span>
     <span class='ocr_line' id='line_1_28' title="bbox 190 3419 1361 3505; baseline -0.005 -21"><span class='ocrx_word' id='word_1_207' title='bbox 190 3419 335 3500; x_wconf 88' lang='lat' dir='ltr'><strong>ligerem</strong></span> <span class='ocrx_word' id='word_1_208' title='bbox 350 3420 503 3485; x_wconf 91' lang='lat' dir='ltr'><strong>additum</strong></span> <span class='ocrx_word' id='word_1_209' title='bbox 522 3421 628 3486; x_wconf 81' lang='lat' dir='ltr'><strong>fuisse</strong></span> <span class='ocrx_word' id='word_1_210' title='bbox 649 3421 785 3503; x_wconf 89' lang='lat' dir='ltr'><strong>insigne</strong></span> <span class='ocrx_word' id='word_1_211' title='bbox 807 3422 962 3505; x_wconf 82' lang='lat' dir='ltr'><strong>aliquod3</strong></span> <span class='ocrx_word' id='word_1_212' title='bbox 994 3440 1067 3498; x_wconf 87' lang='lat' dir='ltr'><strong>uec,</strong></span> <span class='ocrx_word' id='word_1_213' title='bbox 1096 3436 1174 3484; x_wconf 92' lang='lat' dir='ltr'><strong>cum</strong></span> <span class='ocrx_word' id='word_1_214' title='bbox 1202 3420 1361 3482; x_wconf 90' lang='lat' dir='ltr'><strong>iuventae</strong></span> 
     </span>
     <span class='ocr_line' id='line_1_29' title="bbox 191 3511 1361 3601; baseline -0.004 -22"><span class='ocrx_word' id='word_1_215' title='bbox 191 3523 270 3582; x_wconf 87' lang='lat' dir='ltr'><strong>sunt</strong></span> <span class='ocrx_word' id='word_1_216' title='bbox 284 3534 408 3581; x_wconf 89' lang='lat' dir='ltr'><strong>manus</strong></span> <span class='ocrx_word' id='word_1_217' title='bbox 424 3518 549 3601; x_wconf 90' lang='lat' dir='ltr'><strong>plures,</strong></span> <span class='ocrx_word' id='word_1_218' title='bbox 564 3518 601 3582; x_wconf 90' lang='lat' dir='ltr'><strong>in</strong></span> <span class='ocrx_word' id='word_1_219' title='bbox 615 3517 682 3583; x_wconf 87' lang='lat' dir='ltr'><strong>illis</strong></span> <span class='ocrx_word' id='word_1_220' title='bbox 696 3518 882 3601; x_wconf 90' lang='lat' dir='ltr'><strong>quidquam</strong></span> <span class='ocrx_word' id='word_1_221' title='bbox 897 3518 1017 3584; x_wconf 88' lang='lat' dir='ltr'><strong>inerat.</strong></span> <span class='ocrx_word' id='word_1_222' title='bbox 1033 3516 1114 3582; x_wconf 90' lang='lat' dir='ltr'><strong>lnde</strong></span> <span class='ocrx_word' id='word_1_223' title='bbox 1137 3520 1253 3580; x_wconf 88' lang='lat' dir='ltr'><strong>tamen</strong></span> <span class='ocrx_word' id='word_1_224' title='bbox 1276 3511 1361 3577; x_wconf 91' lang='lat' dir='ltr'><strong>nihil</strong></span> 
     </span>
     <span class='ocr_line' id='line_1_30' title="bbox 191 3611 1361 3700; baseline -0.008 -17"><span class='ocrx_word' id='word_1_225' title='bbox 191 3617 271 3683; x_wconf 89' lang='lat' dir='ltr'><strong>certi</strong></span> <span class='ocrx_word' id='word_1_226' title='bbox 284 3618 408 3697; x_wconf 85' lang='lat' dir='ltr'><strong>oritur3</strong></span> <span class='ocrx_word' id='word_1_227' title='bbox 425 3635 506 3683; x_wconf 88' lang='lat' dir='ltr'><strong>nam</strong></span> <span class='ocrx_word' id='word_1_228' title='bbox 523 3635 578 3683; x_wconf 89' lang='lat' dir='ltr'><strong>res</strong></span> <span class='ocrx_word' id='word_1_229' title='bbox 592 3617 753 3683; x_wconf 87' lang='lat' dir='ltr'><strong>extremis</strong></span> <span class='ocrx_word' id='word_1_230' title='bbox 774 3617 889 3700; x_wconf 89' lang='lat' dir='ltr'><strong>digitis</strong></span> <span class='ocrx_word' id='word_1_231' title='bbox 904 3618 1013 3699; x_wconf 92' lang='lat' dir='ltr'><strong>potuit</strong></span> <span class='ocrx_word' id='word_1_232' title='bbox 1036 3614 1191 3692; x_wconf 86' lang='lat' dir='ltr'><strong>detineri,</strong></span> <span class='ocrx_word' id='word_1_233' title='bbox 1211 3611 1268 3697; x_wconf 91' lang='lat' dir='ltr'><strong>qui</strong></span> <span class='ocrx_word' id='word_1_234' title='bbox 1283 3629 1361 3675; x_wconf 89' lang='lat' dir='ltr'><strong>am-</strong></span> 
     </span>
     <span class='ocr_line' id='line_1_31' title="bbox 196 3716 410 3798; baseline 0.005 -18"><span class='ocrx_word' id='word_1_235' title='bbox 196 3716 302 3798; x_wconf 91' lang='lat' dir='ltr'><strong>putati</strong></span> <span class='ocrx_word' id='word_1_236' title='bbox 318 3721 410 3782; x_wconf 88' lang='lat' dir='ltr'><strong>sunt.</strong></span> 
     </span>
    </p>

    <p class='ocr_par' dir='ltr' id='par_1_9' title="bbox 186 3808 1362 4487">
     <span class='ocr_line' id='line_1_32' title="bbox 229 3808 1361 3900; baseline -0.006 -22"><span class='ocrx_word' id='word_1_237' title='bbox 229 3814 318 3880; x_wconf 89' lang='lat' dir='ltr'><strong>Haec</strong></span> <span class='ocrx_word' id='word_1_238' title='bbox 332 3813 373 3880; x_wconf 91' lang='lat' dir='ltr'><strong>ad</strong></span> <span class='ocrx_word' id='word_1_239' title='bbox 388 3832 496 3897; x_wconf 88' lang='lat' dir='ltr'><strong>genus</strong></span> <span class='ocrx_word' id='word_1_240' title='bbox 511 3816 710 3882; x_wconf 87' lang='lat' dir='ltr'><strong>universum</strong></span> <span class='ocrx_word' id='word_1_241' title='bbox 725 3816 895 3898; x_wconf 88' lang='lat' dir='ltr'><strong>spectant;</strong></span> <span class='ocrx_word' id='word_1_242' title='bbox 911 3811 971 3879; x_wconf 89' lang='lat' dir='ltr'><strong>sed</strong></span> <span class='ocrx_word' id='word_1_243' title='bbox 994 3818 1095 3900; x_wconf 83' lang='lat' dir='ltr'><strong>typus</strong></span> <span class='ocrx_word' id='word_1_244' title='bbox 1120 3816 1191 3877; x_wconf 91' lang='lat' dir='ltr'><strong>tam</strong></span> <span class='ocrx_word' id='word_1_245' title='bbox 1217 3808 1361 3875; x_wconf 85' lang='lat' dir='ltr'><strong>firmiter</strong></span> 
     </span>
     <span class='ocr_line' id='line_1_33' title="bbox 189 3907 1362 3997; baseline -0.006 -20"><span class='ocrx_word' id='word_1_246' title='bbox 189 3914 326 3993; x_wconf 91' lang='lat' dir='ltr'><strong>mansit,</strong></span> <span class='ocrx_word' id='word_1_247' title='bbox 342 3920 379 3978; x_wconf 93' lang='lat' dir='ltr'><strong>ut</strong></span> <span class='ocrx_word' id='word_1_248' title='bbox 402 3914 546 3997; x_wconf 90' lang='lat' dir='ltr'><strong>singulis</strong></span> <span class='ocrx_word' id='word_1_249' title='bbox 573 3912 761 3979; x_wconf 89' lang='lat' dir='ltr'><strong>simulacris</strong></span> <span class='ocrx_word' id='word_1_250' title='bbox 781 3914 852 3978; x_wconf 88' lang='lat' dir='ltr'><strong>lere</strong></span> <span class='ocrx_word' id='word_1_251' title='bbox 875 3912 1087 3978; x_wconf 89' lang='lat' dir='ltr'><strong>conveniant.</strong></span> <span class='ocrx_word' id='word_1_252' title='bbox 1111 3910 1202 3989; x_wconf 79' lang='lat' dir='ltr'><strong>Quae</strong></span> <span class='ocrx_word' id='word_1_253' title='bbox 1225 3907 1362 3993; x_wconf 91' lang='lat' dir='ltr'><strong>quidem</strong></span> 
     </span>
     <span class='ocr_line' id='line_1_34' title="bbox 188 4006 1362 4093; baseline -0.006 -18"><span class='ocrx_word' id='word_1_254' title='bbox 188 4017 268 4077; x_wconf 87' lang='lat' dir='ltr'><strong>sunt</strong></span> <span class='ocrx_word' id='word_1_255' title='bbox 281 4010 503 4093; x_wconf 84' lang='lat' dir='ltr'><strong>descriptione</strong></span> <span class='ocrx_word' id='word_1_256' title='bbox 517 4011 710 4076; x_wconf 86' lang='lat' dir='ltr'><strong>simillima:</strong></span> <span class='ocrx_word' id='word_1_257' title='bbox 732 4010 769 4073; x_wconf 95' lang='lat' dir='ltr'><strong>in</strong></span> <span class='ocrx_word' id='word_1_258' title='bbox 789 4009 944 4076; x_wconf 91' lang='lat' dir='ltr'><strong>minimis</strong></span> <span class='ocrx_word' id='word_1_259' title='bbox 966 4013 1000 4076; x_wconf 89' lang='lat' dir='ltr'><strong>et</strong></span> <span class='ocrx_word' id='word_1_260' title='bbox 1024 4009 1167 4074; x_wconf 87' lang='lat' dir='ltr'><strong>minime</strong></span> <span class='ocrx_word' id='word_1_261' title='bbox 1193 4006 1362 4073; x_wconf 89' lang='lat' dir='ltr'><strong>variatum</strong></span> 
     </span>
     <span class='ocr_line' id='line_1_35' title="bbox 187 4101 1362 4192; baseline -0.008 -18"><span class='ocrx_word' id='word_1_262' title='bbox 187 4115 251 4191; x_wconf 87' lang='lat' dir='ltr'><strong>est,</strong></span> <span class='ocrx_word' id='word_1_263' title='bbox 266 4108 361 4176; x_wconf 80' lang='lat' dir='ltr'><strong>velut</strong></span> <span class='ocrx_word' id='word_1_264' title='bbox 373 4108 575 4192; x_wconf 89' lang='lat' dir='ltr'><strong>capillorum</strong></span> <span class='ocrx_word' id='word_1_265' title='bbox 595 4110 744 4192; x_wconf 91' lang='lat' dir='ltr'><strong>comptu,</strong></span> <span class='ocrx_word' id='word_1_266' title='bbox 761 4108 888 4173; x_wconf 86' lang='lat' dir='ltr'><strong>textilis</strong></span> <span class='ocrx_word' id='word_1_267' title='bbox 910 4111 1041 4187; x_wconf 90' lang='lat' dir='ltr'><strong>natura,</strong></span> <span class='ocrx_word' id='word_1_268' title='bbox 1066 4106 1159 4191; x_wconf 91' lang='lat' dir='ltr'><strong>pallii</strong></span> <span class='ocrx_word' id='word_1_269' title='bbox 1188 4101 1362 4185; x_wconf 88' lang='lat' dir='ltr'><strong>composi-</strong></span> 
     </span>
     <span class='ocr_line' id='line_1_36' title="bbox 187 4204 1359 4290; baseline -0.008 -19"><span class='ocrx_word' id='word_1_270' title='bbox 187 4208 292 4284; x_wconf 90' lang='lat' dir='ltr'><strong>tione,</strong></span> <span class='ocrx_word' id='word_1_271' title='bbox 307 4208 426 4272; x_wconf 91' lang='lat' dir='ltr'><strong>mundi</strong></span> <span class='ocrx_word' id='word_1_272' title='bbox 440 4207 543 4272; x_wconf 90' lang='lat' dir='ltr'><strong>etiam</strong></span> <span class='ocrx_word' id='word_1_273' title='bbox 557 4206 754 4288; x_wconf 81' lang='lat' dir='ltr'><strong>elegantiis3</strong></span> <span class='ocrx_word' id='word_1_274' title='bbox 774 4206 951 4290; x_wconf 86' lang='lat' dir='ltr'><strong>dequibus</strong></span> <span class='ocrx_word' id='word_1_275' title='bbox 974 4206 1068 4289; x_wconf 88' lang='lat' dir='ltr'><strong>piget</strong></span> <span class='ocrx_word' id='word_1_276' title='bbox 1091 4204 1249 4277; x_wconf 91' lang='lat' dir='ltr'><strong>scrihere,</strong></span> <span class='ocrx_word' id='word_1_277' title='bbox 1266 4218 1359 4285; x_wconf 85' lang='lat' dir='ltr'><strong>prae-</strong></span> 
     </span>
     <span class='ocr_line' id='line_1_37' title="bbox 186 4296 1362 4389; baseline -0.009 -19"><span class='ocrx_word' id='word_1_278' title='bbox 186 4306 305 4371; x_wconf 88' lang='lat' dir='ltr'><strong>sertim</strong></span> <span class='ocrx_word' id='word_1_279' title='bbox 320 4322 399 4369; x_wconf 90' lang='lat' dir='ltr'><strong>cum</strong></span> <span class='ocrx_word' id='word_1_280' title='bbox 413 4305 547 4371; x_wconf 90' lang='lat' dir='ltr'><strong>tabulae</strong></span> <span class='ocrx_word' id='word_1_281' title='bbox 570 4304 687 4369; x_wconf 91' lang='lat' dir='ltr'><strong>sintin</strong></span> <span class='ocrx_word' id='word_1_282' title='bbox 703 4311 876 4388; x_wconf 89' lang='lat' dir='ltr'><strong>promptu.</strong></span> <span class='ocrx_word' id='word_1_283' title='bbox 901 4304 1017 4389; x_wconf 90' lang='lat' dir='ltr'><strong>Neque</strong></span> <span class='ocrx_word' id='word_1_284' title='bbox 1042 4303 1168 4369; x_wconf 89' lang='lat' dir='ltr'><strong>laboris</strong></span> <span class='ocrx_word' id='word_1_285' title='bbox 1190 4296 1362 4367; x_wconf 88' lang='lat' dir='ltr'><strong>manifesti</strong></span> 
     </span>
     <span class='ocr_line' id='line_1_38' title="bbox 188 4400 1359 4487; baseline -0.008 -19"><span class='ocrx_word' id='word_1_286' title='bbox 188 4420 378 4486; x_wconf 89' lang='lat' dir='ltr'><strong>processus,</strong></span> <span class='ocrx_word' id='word_1_287' title='bbox 411 4419 521 4487; x_wconf 89' lang='lat' dir='ltr'><strong>neque</strong></span> <span class='ocrx_word' id='word_1_288' title='bbox 543 4407 735 4485; x_wconf 90' lang='lat' dir='ltr'><strong>temporum</strong></span> <span class='ocrx_word' id='word_1_289' title='bbox 759 4406 848 4467; x_wconf 86' lang='lat' dir='ltr'><strong>certe</strong></span> <span class='ocrx_word' id='word_1_290' title='bbox 878 4400 1071 4467; x_wconf 87' lang='lat' dir='ltr'><strong>discrimina</strong></span> <span class='ocrx_word' id='word_1_291' title='bbox 1095 4400 1359 4484; x_wconf 89' lang='lat' dir='ltr'><strong>dignoscuntur;</strong></span> 
     </span>
    </p>
   </div>
   <div class='ocr_carea' id='block_1_3' title="bbox 227 4536 1063 4685">
    <p class='ocr_par' dir='ltr' id='par_1_10' title="bbox 227 4536 1063 4685">
     <span class='ocr_line' id='line_1_39' title="bbox 240 4536 563 4607; baseline 0.006 -12"><span class='ocrx_word' id='word_1_292' title='bbox 240 4543 252 4595; x_wconf 89' lang='lat' dir='ltr'><strong>t</strong></span> <span class='ocrx_word' id='word_1_293' title='bbox 286 4536 563 4607; x_wconf 67' lang='lat' dir='ltr'><strong>nathanain.</strong></span> 
     </span>
     <span class='ocr_line' id='line_1_40' title="bbox 227 4536 1063 4685; baseline -0.002 -18"><span class='ocrx_word' id='word_1_294' title='bbox 227 4536 267 4685; x_wconf 39' lang='grc' dir='ltr'>Β</span> <span class='ocrx_word' id='word_1_295' title='bbox 281 4611 350 4668; x_wconf 86' lang='lat' dir='ltr'><strong>Tab.</strong></span> <span class='ocrx_word' id='word_1_296' title='bbox 366 4626 403 4680; x_wconf 84' lang='lat' dir='ltr'><strong>tv,</strong></span> <span class='ocrx_word' id='word_1_297' title='bbox 419 4611 447 4680; x_wconf 79' lang='lat' dir='ltr'><strong>l,</strong></span> <span class='ocrx_word' id='word_1_298' title='bbox 460 4611 487 4667; x_wconf 75' lang='lat' dir='ltr'><strong>l.</strong></span> <span class='ocrx_word' id='word_1_299' title='bbox 504 4610 558 4677; x_wconf 84' lang='lat' dir='ltr'><strong>Qui</strong></span> <span class='ocrx_word' id='word_1_300' title='bbox 571 4612 600 4668; x_wconf 90' lang='lat' dir='ltr'><strong>et</strong></span> <span class='ocrx_word' id='word_1_301' title='bbox 613 4606 718 4669; x_wconf 89' lang='lat' dir='ltr'><strong>mutati</strong></span> <span class='ocrx_word' id='word_1_302' title='bbox 731 4606 846 4667; x_wconf 84' lang='lat' dir='ltr'><strong>artificii</strong></span> <span class='ocrx_word' id='word_1_303' title='bbox 864 4605 974 4667; x_wconf 89' lang='lat' dir='ltr'><strong>indicio</strong></span> <span class='ocrx_word' id='word_1_304' title='bbox 984 4610 1063 4667; x_wconf 80' lang='lat' dir='ltr'><strong>snut.</strong></span> 
     </span>
    </p>
   </div>
   <div class='ocr_carea' id='block_1_4' title="bbox 0 0 1776 5617">
    <p class='ocr_par' dir='ltr' id='par_1_11' title="bbox 0 0 1776 5617">
     <span class='ocr_line' id='line_1_41' title="bbox 0 0 1776 5617; baseline 0 0"><span class='ocrx_word' id='word_1_305' title='bbox 0 0 1776 5617; x_wconf 95' lang='lat' dir='ltr'><strong> </strong></span> 
     </span>
    </p>
   </div>
  </div>
 </body>
</html>
