3534 5617
872 664 1047 735 ...10-

370 832 420 898 1111
435 834 535 899 olllcit
552 834 640 918 quod
655 834 841 900 consimilia
855 836 925 900 iore
939 834 1131 915 1333313313
1138 832 1173 895 13
1183 830 1248 895 3113
1258 828 1387 895 insulae
1396 829 1536 911 regione

370 932 572 1011 invenimus,
588 938 711 1014 elego,
727 938 760 997 et
786 932 977 997 studiorum
998 931 1128 1011 collega
1149 928 1263 1005 Paris;
1292 928 1374 992 11333
1395 946 1476 992 3333
1491 928 1537 1009 (31

371 1029 510 1093 maximi
524 1035 574 1095 331
588 1030 763 1111 momenti)
774 1032 914 1096 immota
927 1029 1063 1105 3333313
1072 1029 1177 1091 immo
1187 1026 1284 1090 novis
1295 1025 1535 1090 sufficientibus

372 1126 579 1192 documentis
593 1130 787 1193 conllrmatn
801 1135 862 1193 331.
878 1128 1009 1192 Etenim
1021 1132 1060 1190 ut
1079 1125 1252 1189 diversitas
1266 1124 1417 1188 locorum
1430 1124 1533 1187 ratio-

372 1242 452 1289 nem
474 1224 714 1308 interpretandi
737 1227 886 1309 impedit,
902 1226 949 1290 ita
975 1231 1162 1289 statuarum
1188 1222 1375 1305 frequentia
1393 1238 1535 1302 cognos-

373 1324 496 1389 cendae
510 1323 667 1389 historiae
684 1325 861 1389 materiem
878 1325 1017 1389 feliciter
1030 1324 1186 1404 adauget.

414 1420 498 1487 Nam
511 1422 593 1486 11333
610 1440 713 1505 opera
734 1424 856 1487 seriem
877 1424 1038 1500 311131331,
1052 1439 1138 1505 quae
1155 1420 1196 1484 ad
1210 1420 1371 1502 principia
1384 1425 1418 1485 31
1431 1420 1539 1503 prima

375 1521 470 1603 quasi
491 1520 697 1585 incrementa
724 1520 914 1611 ¹sculpturae
937 1520 1137 1584 illustranda
1157 1518 1342 1601 plurimum
1368 1521 1468 1597 33131,
1483 1519 1538 1585 331

375 1618 496 1703 potius,
515 1623 553 1682 ut
569 1618 684 1683 doctus
699 1619 751 1681 vir
761 1616 1013 1699 Furtwaengler
1036 1618 1081 1701 (1)
1097 1618 1266 1701 protessus
1280 1621 1342 1694 331,
1362 1616 1460 1680 unica
1475 1616 1539 1681 dici

373 1721 494 1801 potest,
518 1716 714 1798 praesertim
737 1733 814 1779 cum
832 1716 898 1779 3113
924 1716 1111 1780 3133133313
1138 1714 1332 1797 adjumenta
1349 1715 1537 1793 'abnndant‚

374 1819 408 1881 31
434 1813 579 1897 plurima
602 1812 671 1879 [leli
699 1814 838 1878 inventa
869 1814 1047 1878 simulacra
1083 1814 1259 1878 clariorem
1293 1816 1397 1877 etiam
1428 1814 1538 1878 lucem

374 1913 524 1977 afferant.
965 1983 970 1996 ,

414 2011 451 2075 13
465 2010 528 2075 1133
542 2008 677 2093 quidem
696 2010 994 2091 investigationum
1008 2016 1148 2075 eventus
1170 2014 1364 2094 conceptam
1377 2028 1419 2076 cx
1433 2011 1537 2095 scrip·

376 2114 490 2173 torum
503 2108 703 2173 testimoniis
719 2126 814 2191 spem
828 2110 998 2191 implebat.

412 2204 486 2271 Jam
513 2225 605 2283 varo,
620 2206 649 2271 si
663 2208 867 2290 quaesiveris
881 2226 967 2290 quae
985 2207 1026 2271 de
1048 2212 1200 2290 tempore
1214 2210 1249 2272 31
1262 2208 1393 2289 origine
1410 2213 1537 2273 statua·

372 2306 595 2371 rumdoccant
611 2305 760 2387 inscripti
771 2304 868 2381 tituli,
889 2310 947 2369 331
958 2305 1134 2388 peculiaris
1153 2308 1315 2389 cujusque
1329 2306 1423 2383 ratio,
1442 2306 1536 2372 inve·

375 2404 448 2467 nias
479 2402 579 2467 331311
606 2420 692 2486 quac
717 2407 833 2467 octavo
853 2403 986 2468 saeculo
1014 2404 1197 2487 quintoque
1224 2404 1444 2484 concluditur,
1460 2405 1539 2471 Chio

374 2500 532 2584 Naxoque
541 2499 753 2583 potissimum
762 2500 891 2569 insulis.
905 2500 1133 2564 attribuendas
1147 2500 1221 2564 illas
1235 2519 1318 2566 3333.

415 2598 500 2662 lllnd
514 2598 615 2661 etiam
629 2598 784 2677 congruit
797 2615 875 2661 cum
889 2597 930 2660 iis
950 2616 1037 2680 qnae
1052 2599 1170 2663 13331113
1185 2605 1264 2663 3331
1278 2599 1319 2664 de
1334 2605 1485 2684 tompore
1505 2606 1539 2666 31

374 2697 455 2760 13313
469 2696 590 2778 quihus
603 2712 752 2759 marmor
766 2695 800 2757 in
812 2696 1021 2777 sculpturam
1033 2696 1183 2761 adhiberi
1198 2703 1354 2781 coeptum
1366 2706 1427 2763 331.
1573 2770 1584 2789 ⁸

414 2794 471 2857 llis
484 2794 588 2875 igitur
603 2794 718 2867 133133,
730 2794 820 2858 hand
839 2794 963 2858 1333133
977 2812 1032 2857 313
1052 2795 1283 2861 laboraturum
1298 2816 1372 2863 3333
1384 2798 1493 2880 rebar,
1509 2798 1538 2863 si

372 2888 505 2958 deliacis
520 2893 706 2959 simulacris
720 2894 869 2959 studium
885 2894 1125 2977 impenderem.

937 3184 980 3250 lll

415 3477 589 3543 Femineas
603 3478 638 3542 in
653 3478 769 3561 primis
785 3478 915 3560 effigies
929 3479 1122 3561 deligendos
1135 3481 1343 3563 3333331331,
1360 3498 1458 3564 quae,
1474 3498 1539 3545 nu·

376 3594 470 3642 mero
498 3577 622 3658 plures,
645 3577 762 3640 habitu
786 3578 895 3658 magis
921 3578 1116 3647 incolumes.
1138 3585 1310 3661 praeterea
1336 3583 1538 3659 argumento

375 3674 553 3756 simplices,
569 3674 677 3756 specie
690 3673 810 3753 variae,
828 3677 950 3740 seriem
959 3678 1217 3760 juncturamque
1229 3677 1311 3741 artis
1324 3676 1538 3759 potissimum

376 3772 545 3838 exhibent.

415 3868 563 3947 Quarum
578 3888 641 3954 ope
655 3870 894 3953 inquirendum
907 3871 1101 3937 videbatur:

415 3970 446 4029 l⁰
462 3965 634 4045 Quomodo
656 3968 854 4033 informatus
882 3976 971 4036 33331
998 3977 1107 4055 typus,
1139 3971 1168 4035 si
1195 3972 1330 4055 quidem
1350 3988 1469 4037 omnes
1496 3971 1538 4037 ad

374 4065 532 4130 eumdem
547 4073 667 4148 typum
681 4066 799 4130 reterri
814 4067 993 4147 deberent3
1116 4090 1122 4107 ·

413 4168 445 4226 2⁰
459 4161 530 4241 Qua
550 4164 679 4228 rationo
692 4166 871 4229 marmoris
884 4166 1058 4249 sculpendi
1071 4167 1254 4251 disciplina,
1270 4187 1347 4233 cum
1357 4168 1476 4234 inll'sia
1487 4170 1536 4233 in·

374 4261 533 4345 salisque,
560 4266 634 4326 tum
657 4263 855 4344 praesertim
880 4263 951 4329 Chii
972 4263 1122 4348 Naxiqne
1150 4265 1286 4332 inventa
1304 4268 1539 4351 elaboratsque

375 4365 484 4443 essct3

413 4510 451 4594 (t.)
469 4512 554 4569 Arci.
581 4514 657 4595 deit..
675 4514 752 4580 test,
777 4527 805 4584 p.
820 4514 868 4569 321
888 4531 923 4569 :o
936 4515 978 4571 Dr
991 4518 1068 4572 313111
1081 4516 1159 4573 donn
1172 4520 1307 4575 aunachst
1332 4519 1398 4575 3133
1424 4520 1535 4591 sineigs

379 4582 459 4641 Sene
471 4600 528 4640 von
539 4584 725 4641 archsrschen
739 4584 919 4656 Sculpturen.
939 4608 955 4637 3
