3534 5617
718 678 893 751 ..21-

223 850 414 915 alflrmandi
442 850 648 916 certissimae
670 866 789 915 cauma
817 850 1011 932 suppetunt.
1036 846 1121 912 Nam
1155 864 1302 931 superna
1315 870 1394 935 para

223 950 333 1015 trunci
366 950 525 1015 interiore
559 950 669 1014 multo
696 949 806 1025 latior,
831 947 922 1031 quod
955 965 1170 1031 nequaquam
1194 946 1394 1017 Furtwaen-

227 1048 312 1130 glori
326 1049 368 1131 (t)
397 1048 546 1131 opinioni
560 1047 704 1113 concinit
726 1067 734 1113 τ
758 1062 813 1113 res
827 1046 920 1111 enim
933 1045 1093 1129 postulat,
1116 1047 1146 1111 si
1169 1065 1292 1114 manus
1315 1070 1395 1134 por·

226 1152 316 1212 recta
336 1151 558 1231 protentaque
581 1146 655 1224 luit,
671 1150 709 1211 ut
727 1145 905 1211 brachium
923 1149 1014 1211 recta
1036 1145 1135 1219 linea,
1151 1147 1263 1213 cubito
1282 1154 1394 1230 tenus,

227 1242 378 1326 pendeat,
415 1242 580 1326 laterique
599 1242 642 1307 sit
673 1242 859 1317 continens,
875 1242 946 1307 iere
969 1246 1008 1307 ut
1035 1242 1153 1306 dextro
1188 1242 1282 1307 lateri
1313 1244 1394 1309 dex·

227 1342 319 1404 trum
332 1339 526 1419 brachium3
553 1340 587 1405 id
610 1344 672 1417 est,
691 1342 784 1423 justa
805 1341 1024 1424 responsione
1048 1342 1176 1424 quadra
1201 1342 1260 1406 ssat
1283 1343 1394 1407 trunci

227 1436 348 1519 ssgura.
361 1438 435 1505 lam
448 1457 539 1514 vero,
551 1438 707 1522 obliquus
723 1438 879 1505 sinistrae
894 1439 998 1523 partis
1013 1444 1138 1504 tractus
1153 1448 1186 1517 et
1200 1441 1395 1521 prominens

226 1536 263 1601 in
277 1536 417 1602 adverso
433 1537 532 1619 signo
560 1537 663 1602 cubiti
680 1554 823 1602 acumen
847 1536 1024 1601 brachium
1043 1535 1224 1601 adductum
1248 1557 1323 1603 esse
1337 1539 1395 1604 de-

227 1640 418 1701 monstrant
431 1641 464 1700 et
476 1635 602 1718 pectori
616 1635 775 1699 haesisse.
793 1634 919 1715 Operae
928 1635 1033 1699 etiam
1047 1640 1195 1717 pretium
1209 1641 1260 1700 est
1273 1636 1395 1701 addere

228 1734 407 1799 marmoris
421 1733 505 1798 nihil
518 1732 656 1798 omnino
666 1752 707 1797 ea
721 1739 816 1816 parte
829 1733 974 1797 tractum
984 1751 1058 1797 esse
1071 1739 1173 1815 atque
1187 1734 1354 1798 avulsum.

269 1831 351 1897 Cum
364 1831 430 1906 hic,
445 1833 518 1895 sine
533 1830 644 1908 dubio,
661 1831 705 1895 ait
719 1836 845 1912 gestus,
862 1830 1005 1895 tortasse
1023 1830 1144 1914 aliquis
1167 1830 1253 1896 dieat
1274 1850 1395 1913 parum

230 1930 293 1996 hoc
318 1931 447 1995 inerte
469 1930 690 1995 immutatum
718 1930 976 2013 protectumque
997 1947 1088 2005 esse;
1103 1948 1210 2013 aeque
1234 1930 1270 1994 in
1297 1930 1395 1995 inve-

229 2026 351 2092 niendo
377 2026 618 2111 eltlciendoque
635 2027 805 2092 infelicem
823 2044 897 2091 ease
919 2028 1080 2091 artificem
1092 2049 1100 2104 ;
1112 2045 1218 2111 aeque
1236 2029 1395 2092 constric-

229 2130 302 2191 tum
317 2123 583 2207 impeditumque
597 2124 825 2199 simulacrum,
841 2123 972 2199 iisdem,
988 2130 1026 2188 ut
1049 2124 1095 2188 ita
1112 2124 1231 2202 dicam,
1252 2125 1396 2191 vinculis

229 2220 421 2303 alligatum.
441 2218 605 2303 Equidem
615 2220 761 2285 multum
777 2220 964 2303 imperitiae
979 2221 1100 2300 tribuo,
1117 2226 1151 2286 et
1164 2240 1242 2286 cum
1255 2240 1395 2306 corpore

228 2319 403 2386 brachium
418 2319 643 2399 conglutinari
663 2320 789 2395 lateam
819 2320 878 2384 sed
897 2324 934 2382 ut
954 2317 1088 2383 vincula
1105 2318 1236 2383 solvere
1262 2325 1296 2383 et
1321 2336 1395 2382 ma·

228 2436 312 2481 num
325 2417 361 2482 in
374 2434 519 2484 vacuum
529 2420 652 2490 adrem,
674 2416 768 2481 nullo
787 2417 909 2483 tultam
919 2416 1097 2493 columine,
1114 2417 1266 2499 prolerre
1285 2433 1395 2499 neque

228 2532 331 2579 ausus
345 2520 397 2580 est
410 2514 541 2589 artifex,
560 2532 669 2597 neque
686 2514 827 2579 tortasse
849 2514 970 2596 potuit,
996 2514 1043 2577 ita
1067 2513 1249 2596 quamdam
1277 2518 1394 2594 gestus

227 2613 425 2679 varietatem
438 2613 601 2679 industrie
619 2617 777 2689 sectatur,
801 2618 835 2677 et
857 2616 992 2677 motum
1011 2611 1200 2693 exprimere
1227 2630 1295 2675 non
1320 2610 1392 2676 sine

228 2716 324 2775 cauta
337 2710 476 2775 audacia
490 2710 627 2787 nititur;
643 2729 746 2795 quare
768 2709 954 2775 maximam
968 2709 1049 2773 artis
1058 2708 1146 2784 vim,
1161 2710 1191 2773 si
1211 2728 1281 2773 non
1308 2727 1392 2774 con-

226 2814 361 2875 secutus
373 2815 435 2885 est,
450 2814 484 2873 at
499 2815 587 2875 certe
600 2809 805 2875 intellexisse
820 2809 904 2873 mihi
917 2808 1062 2873 videtur.

267 2908 394 2977 Verum
415 2908 518 2973 etiam
544 2909 581 2971 in
603 2908 668 2972 alia
694 2906 888 2989 disciplinae
917 2912 1010 2989 parte
1039 2924 1163 2971 novam
1184 2913 1243 2972 aut
1269 2908 1393 2975 muniit

227 3008 330 3085 viam,
346 3012 404 3071 aut
418 3012 553 3072 secutus
568 3011 619 3072 est
633 3006 763 3071 saltem.
780 3004 912 3071 Scilicet
927 3005 1038 3088 aspice
1057 3023 1144 3088 quae
1159 3006 1202 3069 sit
1224 3006 1392 3071 interioris

226 3105 397 3171 simulacri
413 3106 544 3187 figura:
559 3104 683 3170 senties
698 3104 762 3168 hoc
776 3121 843 3167 non
859 3102 946 3167 trahi
961 3103 1155 3187 quadratae,
1166 3102 1260 3168 velut
1270 3109 1388 3183 cetera,

227 3203 353 3269 sedvel
370 3202 480 3267 arbori
494 3203 548 3268 vel
563 3202 739 3267 columnae
754 3200 918 3266 rotundae
931 3200 1157 3265 assimilatum
1174 3217 1260 3280 esse,
1286 3201 1320 3266 id
1341 3208 1392 3267 est

226 3320 267 3367 ex
280 3302 354 3366 aliis
368 3301 537 3384 principiis
551 3300 718 3382 originem
744 3300 876 3375 ducere,
892 3305 993 3385 atque
1012 3300 1079 3365 alia
1092 3299 1238 3364 tormam
1252 3300 1388 3383 excogi-

224 3400 316 3466 tandi
327 3400 456 3465 ratione
471 3400 650 3465 inventum
664 3416 750 3465 asse.

266 3500 373 3579 Quam
399 3499 441 3563 ad
472 3499 649 3564 veritatem
675 3503 709 3563 et
736 3498 926 3563 naturalem
956 3499 1106 3581 corporis
1131 3499 1391 3584 descriptionem

224 3601 348 3665 rectius
362 3597 498 3663 tendere
512 3598 593 3660 satis
614 3596 833 3660 manifestum
848 3601 909 3660 est.
934 3595 1033 3677 Riget
1054 3597 1191 3680 quidem
1208 3599 1329 3670 tunica,
1357 3604 1391 3663 et

224 3716 323 3764 crura
340 3696 435 3779 quasi
457 3713 561 3777 opaco
579 3695 770 3776 inflexoque
791 3694 921 3776 obtegit
941 3695 1132 3773 involucro;
1151 3715 1218 3762 non
1236 3698 1390 3779 singulos

225 3801 318 3862 artus
332 3800 490 3877 torosque
503 3793 622 3873 reddit,
636 3793 743 3857 textili
758 3793 957 3870 subtilitate;
978 3794 1035 3858 sed
1059 3796 1095 3859 in
1117 3814 1253 3860 summa
1275 3801 1390 3860 tamen

223 3900 333 3961 totum
345 3893 447 3959 relert
461 3891 649 3970 circuitum,
666 3891 746 3957 orbe
762 3910 907 3973 superne
921 3891 963 3957 ad
987 3910 1148 3959 coxarum
1177 3894 1388 3959 latitudinem

223 3994 371 4069 dilatato,
395 3992 556 4056 deorsum
581 4008 708 4070 versus,
733 3990 835 4073 pedes
864 4009 984 4074 usque,
999 3994 1162 4075 paulatim
1192 3993 1385 4058 deminuto:

220 4090 383 4173 vaginam
396 4104 471 4153 essa
493 4087 594 4163 dicas,
610 4087 669 4153 sed
693 4106 768 4153 eam
791 4106 878 4171 quae
900 4088 1023 4153 inclusi
1045 4090 1193 4175 corporis
1207 4090 1336 4156 formae
1351 4109 1388 4157 se

222 4186 365 4254 docilem
378 4185 591 4268 aliquatenus
605 4189 753 4268 praestet
767 4185 821 4270 (Ξ).

269 4376 294 4448 t)
314 4375 536 4446 Furtueangler,
552 4374 572 4430 l.
588 4391 625 4444 c.,
639 4391 668 4458 p.
684 4376 735 4431 ³⁸23
752 4392 758 4431 :
780 4396 795 4427 a
808 4376 865 4431 ller
877 4373 957 4431 linha
972 4374 1062 4448 (mm)
1074 4393 1134 4432 war
1146 4379 1350 4449 vorgestrcckl.
1368 4401 1383 4432 a

271 4448 298 4521 2)
312 4446 452 4519 Equidem
473 4446 594 4518 conjicio
615 4448 702 4503 altam
722 4447 752 4503 in
778 4448 832 4503 hoo
860 4445 1014 4503 simulacro
1037 4449 1121 4504 vestis
1144 4449 1384 4521 compositionem

225 4518 311 4576 luisse
327 4525 414 4593 atque
433 4518 462 4573 in
482 4535 511 4573 n.
524 4534 556 4573 u.
574 4518 742 4575 interiorem
768 4518 847 4573 enim
868 4519 996 4574 tunicam
1022 4520 1175 4576 collectam
1200 4538 1270 4590 esse,
1298 4526 1385 4594 atque

224 4590 255 4645 in
282 4594 458 4648 anteriorem
486 4590 613 4663 corporis
634 4592 748 4663 partem
766 4588 922 4646 adductam
956 4605 1087 4663 zonaque
1105 4591 1290 4664 succinctam,
1321 4594 1383 4650 iere
