3534 5617
726 691 904 759 ..19-

216 853 295 936 (tab.
311 855 351 929 ll,
376 858 406 930 l,
429 854 487 935 st:
517 855 634 920 sedin
660 856 723 921 hac
746 874 867 940 parum
894 856 1010 922 videre
1036 872 1094 919 mo
1120 855 1239 932 fateor,
1263 855 1299 919 in
1327 855 1387 922 illa

214 970 334 1017 vereor
345 970 387 1017 ne
398 953 547 1017 multum
563 952 709 1019 licinach
723 956 855 1020 viderit.

256 1049 350 1115 Ratio
365 1051 502 1133 quidem
517 1052 668 1118 habenda
686 1053 749 1118 loci
775 1054 832 1118 uhi
854 1071 1005 1118 marmor
1027 1060 1078 1119 est
1099 1056 1287 1129 inventum,
1308 1072 1387 1119 cum

216 1147 285 1213 illic
297 1153 427 1215 statuae
440 1151 655 1233 potissimum
668 1151 851 1217 muliebres
859 1154 1026 1233 iacerent;
1038 1152 1097 1218 sed
1109 1157 1143 1216 et
1157 1151 1269 1217 viriles
1284 1172 1386 1236 quae-

216 1246 295 1311 dam
308 1252 404 1312 erant
417 1242 592 1315 admistael

253 1343 297 1409 lle
311 1346 455 1427 pectoris
476 1348 589 1428 ligure
612 1347 817 1412 dissentiunt
838 1350 1002 1422 auctores,
1031 1347 1278 1430 photographis
1301 1345 1386 1410 nihil

212 1442 390 1523 significat,
421 1444 592 1510 lleinachii
612 1446 790 1511 delineatio
813 1464 893 1511 cum
915 1446 1022 1529 ipsius
1043 1446 1201 1529 opinione
1223 1463 1292 1510 non
1307 1462 1388 1510 con-

213 1542 306 1621 gruit
320 1541 517 1608 admodum.

253 1639 347 1717 Quod
374 1641 415 1705 ad
443 1642 578 1706 vultum
605 1644 736 1717 attinet,
760 1644 838 1708 trita
861 1641 1046 1708 admodum
1073 1643 1300 1717 lineamenta;
1329 1641 1388 1705 sed

215 1738 417 1820 productum
431 1739 467 1803 in
482 1738 731 1821 longitudinem
746 1760 795 1817 os,
812 1760 881 1805 non
902 1742 939 1805 in
957 1741 1074 1805 orbem
1089 1740 1226 1805 mollius
1239 1741 1388 1804 circum·
1470 1729 1473 1732 ’

215 1836 343 1915 fusum,
357 1840 492 1905 virilem
505 1842 617 1925 potius
632 1842 779 1925 speciem
794 1842 930 1907 exhibet
945 1866 952 1907 :
971 1860 1164 1925 quanquam
1173 1859 1243 1906 non
1257 1846 1387 1905 certum

212 1936 389 2020 utriusque
406 1939 537 2019 figurae
551 1939 587 2003 in
599 1945 672 2005 arte
689 1940 926 2024 antiquissima
940 1939 1120 2004 discrimen
1135 1940 1212 2006 fuit.

253 2031 330 2110 Nec,
346 2037 373 2099 si
388 2054 484 2100 coma
498 2036 687 2117 elegantius
702 2042 835 2118 compta
849 2035 1060 2119 crispataque
1078 2036 1113 2099 in
1127 2036 1288 2101 humeros
1302 2054 1385 2118 pan·

214 2131 315 2208 ditur,
339 2133 416 2199 inde
439 2138 589 2199 muttum
625 2136 777 2213 eflicitur,
807 2154 884 2200 cum
909 2135 1159 2217 componendae
1184 2152 1300 2199 comae
1322 2152 1386 2197 ve·

214 2236 348 2296 nustate
362 2231 425 2295 viri
436 2233 493 2297 vix
506 2232 706 2314 mulieribus
721 2239 800 2297 tunc
815 2234 988 2298 cesserint.

255 2328 390 2393 Haecin
411 2330 645 2413 antiquissima
663 2330 835 2412 sculptura
859 2348 960 2394 sexus
981 2334 1061 2394 nota
1084 2330 1270 2413 plurimum
1283 2329 1385 2404 valet,

215 2428 304 2510 quod
319 2429 382 2494 viri
396 2430 596 2511 plerumque
611 2429 702 2505 nudi,
715 2428 875 2493 mulieres
890 2430 1030 2493 vestitae
1047 2429 1271 2511 effinguntur.
1286 2427 1388 2510 Atqui

216 2525 364 2589 tunicam
390 2526 427 2590 in
455 2525 581 2591 deliaco
610 2523 789 2591 simulacro
816 2525 930 2592 videre
957 2526 1036 2589 mihi
1062 2526 1190 2591 videor.
1215 2524 1299 2590 Nam
1325 2523 1390 2588 tori

216 2623 426 2705 musculique
448 2642 517 2688 non
539 2624 733 2707 prominent
760 2630 861 2707 atque
893 2631 1098 2706 assurgunt3
1125 2625 1192 2702 sed,
1225 2629 1388 2707 tanquam

214 2726 388 2803 praetento
410 2722 588 2797 velamine,
614 2722 760 2805 aequati,
783 2722 1035 2813 oblitterantur;
1059 2724 1293 2797 commissura,
1322 2738 1389 2802 qua

215 2820 390 2885 brachium
417 2820 549 2904 corpori
577 2822 746 2897 adhaeret,
780 2838 848 2885 non
873 2827 994 2886 natura
1016 2821 1128 2899 modo,
1145 2821 1203 2885 sed
1219 2819 1327 2902 prisca
1347 2818 1390 2882 si·

216 2933 366 2996 gnosum
396 2918 638 2983 consuetudine
664 2918 771 2982 multo
800 2916 963 2994 crassior;
992 2935 1077 3001 quae
1105 2915 1253 2999 quidem,
1276 2913 1390 2979 addita

218 3021 322 3088 veste,
339 3015 475 3081 dilatate
489 3034 563 3081 csse
577 3017 722 3081 videtur.

259 3114 328 3179 Sub
343 3113 438 3193 collo,
450 3115 537 3179 inter
548 3114 747 3197 capillorum
757 3114 903 3188 ordines,
916 3113 1022 3178 lineae
1032 3111 1099 3177 duo
1113 3112 1331 3175 tenuissimae
1345 3112 1390 3193 (t)

218 3211 254 3277 iu
267 3212 382 3277 orbem
397 3211 515 3278 ductae
531 3221 728 3291 cernuntur,
745 3232 831 3295 quae
853 3212 947 3277 clavo
956 3210 1172 3294 respondent,
1188 3228 1256 3294 quo
1269 3208 1388 3274 Nican-

219 3308 298 3375 drae
312 3310 416 3375 vestis
430 3315 604 3391 praetexta
620 3314 681 3375 est.

258 3409 373 3490 ltaque
401 3406 593 3485 lleuvettio,
615 3407 787 3485 Gavadiae,
813 3406 1093 3487 Fortwaenglcro
1114 3422 1284 3483 assensus,
1313 3402 1393 3469 huic

220 3506 461 3571 commentario
470 3505 733 3571 Hauvettianum
749 3507 970 3571 simulacrum
994 3505 1160 3570 vindicavi
1188 3503 1299 3586 :quod
1322 3503 1394 3585 qui·

222 3603 300 3668 dem
314 3602 432 3668 studiis
448 3603 615 3668 nonnihil
631 3604 772 3679 confert,
788 3623 866 3668 cum
881 3623 922 3669 ea
931 3621 1034 3687 quam
1046 3602 1149 3666 habet
1163 3619 1240 3666 cum
1254 3602 1394 3666 simula-

224 3720 281 3767 cro
296 3702 324 3766 ll
339 3703 512 3780 affinitate,
531 3708 603 3767 tum
620 3722 659 3768 eo
675 3703 764 3786 quod
777 3704 918 3767 interest
928 3702 1130 3767 discrimine.

264 3800 361 3877 Nam,
378 3800 598 3883 descriptione
613 3805 692 3877 tota,
711 3800 809 3882 signe
823 3801 923 3865 ambo
938 3798 1126 3865 consimilia
1139 3804 1230 3876 sunt,
1245 3798 1393 3881 corporis

229 3900 402 3978 tenuitate,
430 3900 505 3964 latis
532 3899 770 3984 quadratisque
796 3899 960 3976 humeris,
989 3898 1152 3963 crassiore
1178 3898 1394 3961 brachiorum

229 4014 403 4079 compage,
421 4014 478 4061 ore
492 3996 629 4077 longius
650 3996 823 4078 producto,
842 3994 996 4060 comendi
1009 3993 1239 4077 vestiendique
1253 3995 1394 4058 ratione.

229 4093 295 4160 Sed
306 4094 455 4161 multum
469 4094 504 4157 in
518 4094 658 4159 artificio
672 4094 861 4177 proiectum
875 4099 940 4159 cst.

270 4190 343 4259 Non
355 4195 427 4273 jam
441 4191 638 4276 quadratam
657 4190 758 4256 trabis
782 4192 939 4264 formam,
955 4190 1015 4255 sed
1028 4194 1233 4255 structuram
1247 4187 1396 4269 corporis
1472 4186 1477 4197 '

230 4294 264 4355 et
297 4289 478 4373 quamdam
507 4290 739 4355 membrorum
775 4289 990 4355 harmoniam
1023 4286 1286 4370 deprehendas:
1316 4302 1397 4351 nam

230 4392 341 4469 partas
355 4393 389 4453 et
403 4405 563 4455 mensura
584 4388 697 4454 verius
719 4392 913 4467 congruunt
931 4392 976 4463 et,
1006 4385 1096 4470 quod
1115 4385 1306 4449 maximum
1332 4388 1394 4459 est,

232 4485 344 4567 magis
355 4492 431 4569 epte
445 4487 532 4551 inter
553 4504 626 4555 sese
641 4485 833 4553 cohaerent.

233 4592 236 4601 ’
268 4621 309 4695 (Ι)
328 4624 407 4689 Quae
422 4640 479 4680 non
491 4623 603 4697 scalpro
616 4622 788 4698 insculptae,
803 4620 854 4679 sed
864 4618 1001 4696 penicillo
1013 4618 1173 4693 descriptae
1182 4618 1312 4676 inerunt.
