3534 5617
687 670 850 739 ..91-

171 846 257 914 turs,
273 843 412 923 apparet
432 836 611 903 manifeste
634 854 703 903 non
723 834 855 917 figurae
879 832 994 913 modo,
1010 832 1069 897 sed
1084 836 1224 897 naturae
1237 830 1345 916 ipsius

175 940 363 1005 diversitas.

211 1042 242 1103 3.
265 1036 394 1103 Deliaca
410 1036 590 1103 simulacra
605 1040 685 1101 sunt
707 1034 856 1120 undique
887 1033 999 1100 soluta
1018 1030 1284 1115 conspicuaque;
1306 1032 1350 1097 ad

171 1135 236 1201 boc
249 1134 355 1217 igitur
369 1134 560 1219 sculpturae
575 1150 684 1215 genus
699 1134 869 1217 pertinent
882 1130 973 1215 quod
989 1128 1117 1195 «rende
1131 1128 1242 1193 borres
1268 1128 1350 1196 dici·

169 1238 237 1309 tur,
253 1231 411 1316 quodque
423 1230 581 1315 Aegyptii
601 1231 642 1295 ad
671 1230 914 1313 perlectionem
944 1247 1013 1296 non
1037 1226 1268 1305 absolverunt,
1289 1228 1350 1295 As-

170 1330 254 1415 syrii
268 1348 406 1412 perraro
422 1330 661 1395 tractaverunt.

205 1435 238 1493 t.
260 1428 390 1493 Deliaca
404 1428 587 1493 simulacra
600 1428 642 1493 ab
655 1426 774 1491 alienis
786 1425 929 1492 materia
943 1424 1123 1499 differunt3
1137 1441 1205 1507 qua
1218 1442 1256 1490 re
1266 1424 1348 1489 arti·

166 1525 232 1591 flaii
247 1527 344 1602 ratio,
361 1526 486 1606 eiflgiei
500 1526 603 1591 etiam
617 1530 772 1608 aspectus
795 1542 863 1589 non
877 1522 997 1589 ieviter
1010 1522 1209 1586 immutetur
1223 1528 1285 1587 est.

207 1628 238 1687 s.
262 1624 394 1704 Ingenii
411 1626 480 1689 vim
506 1642 546 1690 ea
560 1624 741 1703 declarent,
763 1640 882 1707 queen
898 1621 1159 1706 peregrinorum
1177 1620 1347 1685 artiticum

168 1722 278 1788 indole
293 1724 431 1789 omnino
446 1724 616 1789 abhorret.
633 1724 723 1803 Quae
739 1730 879 1788 naturae
896 1721 1040 1788 docilem
1052 1739 1089 1786 se
1107 1725 1266 1803 praestat,
1284 1739 1344 1785 na·

169 1825 281 1885 turam
296 1822 338 1885 ad
361 1820 645 1904 pulchritudinem
674 1821 795 1903 ilectit;
821 1819 959 1900 singula
980 1818 1157 1884 verissime
1180 1817 1343 1890 imitatur,

169 1918 228 1983 scd
243 1924 354 1983 totum
375 1937 500 2000 ponere
523 1918 691 2003 imprimis
705 1918 840 2000 cogitat,
859 1916 1075 1999 singulorum
1093 1915 1294 1999 obsequium
1306 1934 1346 1979 ac

170 2016 428 2081 concinnitatem
444 2022 632 2100 temperut;
657 2034 706 2101 ac,
724 2016 805 2081 dum
828 2020 926 2097 typos
946 2014 1089 2079 fideliter
1103 2014 1270 2088 observat,
1287 2031 1345 2079 eos

166 2114 207 2179 ad
238 2115 478 2197 perfectionem
505 2132 614 2197 usque
641 2114 797 2179 absolvit.
834 2114 949 2192 Acris,
986 2113 1172 2189 indelessa,
1208 2112 1341 2189 audax,

165 2212 343 2290 cogitando
357 2218 457 2297 atque
472 2212 647 2278 eiticiendo
662 2229 751 2277 nova
763 2212 972 2295 melioraque
987 2229 1096 2293 usque
1111 2216 1269 2275 sectatur.

205 2312 238 2375 6.
281 2310 367 2375 Sunt
398 2309 635 2375 similitudines
663 2310 839 2392 quaedam,
870 2326 955 2392 quas
988 2308 1178 2373 communis
1210 2308 1343 2373 inscitia

168 2406 279 2487 gignit
305 2408 418 2491 potius
446 2425 548 2492 quam
572 2407 726 2472 imitandi
754 2407 928 2483 studium;
957 2411 996 2470 ut
1021 2406 1156 2471 babitus
1170 2407 1342 2490 vestisque

167 2504 273 2585 rigor,
289 2506 378 2569 utin
391 2506 498 2589 capite
513 2506 648 2571 surium
663 2506 777 2587 inepta
791 2504 978 2579 collocatio,
994 2509 1055 2569 etc.

205 2600 244 2665 ln
258 2602 448 2667 simulacris
463 2608 621 2686 quattuor
631 2602 829 2687 praesertim
842 2608 923 2666 sunt
937 2601 1177 2667 consideranda
1191 2624 1198 2665 :
1216 2601 1341 2675 vultus,

165 2705 282 2780 gestus
302 2699 504 2782 habitusque
531 2700 690 2785 corporis,
718 2698 912 2765 vestimenti
936 2716 1057 2779 genus,
1090 2698 1220 2763 artiticii
1243 2698 1340 2765 ratio.

165 2796 266 2875 Quae,
301 2804 334 2863 et
361 2800 396 2863 in
420 2800 557 2875 recenti,
593 2806 627 2864 et
648 2800 681 2863 in
717 2798 856 2881 antiqua
890 2798 977 2864 serie
1005 2798 1229 2879 examinabo;
1263 2814 1342 2863 cum

162 2897 361 2978 peregrinae
376 2900 538 2981 cujusque
554 2898 635 2963 artis
648 2898 806 2981 operibus
820 2896 970 2961 vicissim
985 2896 1168 2961 conierem.

202 2984 244 3059 Ut
258 2994 300 3057 ab
313 2996 466 3078 Aegypto
481 2996 646 3071 exordiar,
676 2996 763 3077 quis,
779 2996 837 3059 ubi
852 2996 1002 3079 primum
1016 2993 1257 3059 Nicandraeam
1271 3000 1339 3061 sta·

166 3096 260 3155 tuam
274 3092 426 3173 adspicit,
450 3093 535 3156 banc
549 3094 728 3176 aegyptiae
747 3092 957 3181 simillimam
970 3111 1038 3156 non
1051 3094 1169 3175 putet?
1187 3090 1252 3158 Sed
1264 3093 1340 3159 dili·

165 3190 300 3269 gentius
317 3190 522 3255 examinanti
535 3191 719 3274 apparebit.
729 3190 987 3256 similitudinem
1002 3190 1185 3255 omnemin
1201 3196 1340 3275 comptu

166 3285 289 3350 sitem:
309 3287 467 3369 quivena
485 3288 595 3371 specie
609 3288 755 3363 deludit;
772 3306 837 3352 non
854 3288 946 3353 enim
958 3288 1057 3372 capiti
1070 3288 1268 3371 impositum
1275 3294 1337 3363 est,

165 3390 303 3465 tegmen
326 3385 418 3450 illius
444 3386 592 3466 generis,
618 3388 707 3471 quod
732 3386 892 3470 Aegyptii
916 3386 1057 3469 ullast»
1087 3387 1256 3466 dicebant;
1279 3388 1339 3455 sed

166 3498 261 3546 coma
273 3483 310 3547 in
321 3483 482 3549 humeros
497 3484 619 3549 ditiusa
632 3490 693 3563 est,
708 3504 808 3569 quae,
823 3490 857 3550 ct
874 3485 993 3549 inscite
1017 3484 1114 3560 iacta,
1142 3490 1177 3550 et
1199 3487 1338 3553 terendo

164 3579 256 3653 elisa,
278 3582 402 3645 textilis
415 3582 526 3663 magis
548 3600 651 3665 qnam
665 3584 865 3667 capillorum
880 3586 1039 3645 naturam
1053 3582 1216 3647 imitatur.
1230 3581 1338 3661 Quam

163 3677 459 3744 tamendeclarant
476 3680 620 3745 cincinni
635 3687 795 3765 quattuor
818 3680 988 3763 utrimque
1013 3680 1157 3745 tluentes
1182 3688 1215 3746 et
1239 3683 1338 3748 orbes

165 3775 291 3841 circum
317 3777 485 3857 delineati,
508 3779 630 3862 quibus
657 3779 836 3845 mollitiem
863 3796 979 3843 comae
1001 3778 1191 3861 exprimere
1217 3781 1339 3847 artilex

165 3879 305 3939 conatus
318 3881 380 3942 est.
396 3874 550 3941 Ceterum
563 3877 657 3941 nulla
682 3876 892 3959 cognationis
916 3873 1036 3940 indicia
1056 3876 1203 3951 invenio,
1218 3877 1283 3941 nisi
1299 3896 1339 3943 ca

165 3972 300 4054 quaein
323 3972 488 4038 immobili
503 3992 636 4058 quoque
650 3994 688 4040 ac
707 3974 831 4057 rigenti
859 3974 1040 4037 simulacro
1063 3980 1251 4039 occurrant.
1274 3975 1338 4041 lies

161 4070 319 4137 iaciilime
343 4072 639 4153 demonstrabitur,
655 4075 684 4139 si
708 4079 808 4159 caput
831 4074 1076 4150 occultaveris;
1100 4076 1173 4157 jam
1188 4075 1282 4153 nibil,
1299 4082 1338 4141 ut

160 4170 292 4252 opinor,
307 4171 485 4253 supererit,
504 4172 595 4254 quod
610 4172 652 4237 sd
665 4171 1014 4257 Aegyptumfreieras.

201 4266 310 4332 lmmo
324 4266 569 4351 Masporo,non
580 4270 770 4335 litterarum
785 4270 887 4335 modo
906 4270 1060 4335 eruditus
1089 4270 1252 4351 cognitor,
1279 4272 1338 4337 sed

164 4364 245 4428 artis
255 4370 342 4430 teres
354 4367 469 4448 judex,
483 4368 536 4432 his
550 4368 621 4433 iere
634 4369 809 4452 descripsit
821 4368 1069 4451 Aegyptiorum
1082 4368 1246 4445 habitum,
1259 4386 1337 4435 cnm

165 4462 383 4545 antiquorum
406 4464 666 4530 simulacrorum
690 4465 827 4538 auxilio,
846 4470 919 4529 tum
946 4464 988 4528 ad
1015 4482 1135 4529 eorum
1161 4466 1218 4549 qui
1246 4484 1337 4531 nunc

166 4563 246 4621 suni
255 4558 433 4625 bominum
446 4563 628 4645 exemplar.
649 4561 783 4647 tcaput,
793 4563 912 4646 inquit,
925 4564 1035 4645 miuus
1049 4580 1123 4627 esse
1137 4563 1223 4627 solet
1232 4580 1336 4647 quam
