3534 5617
878 624 1056 689 ..80-

402 786 503 862 nitur,
519 791 552 851 et
573 786 682 851 littora
707 787 837 871 duplice
859 798 901 863 ξ,
930 788 1150 869 quuslocum
1172 787 1449 869 obtinetspiritus
1470 808 1579 873 asper

400 902 477 951 cum
492 885 634 964 sigmate
647 884 830 950 insolenter
843 887 1043 967 conjunctus
1059 897 1126 961 553
1146 885 1351 967 adspiratam
1372 887 1518 970 denique
1541 899 1578 961 Φ

402 982 523 1066 duplici
537 984 633 1063 signo
649 982 806 1065 exprimit
820 993 893 1062 ΦΕ,
909 986 955 1048 ita
971 989 1008 1048 ut
1021 990 1181 1067 appareat
1194 984 1325 1047 litterae
1338 986 1485 1065 speciem
1495 988 1580 1067 jam

400 1080 571 1144 inventam
596 1081 609 1142 1
611 1084 709 1155 uisse,
721 1081 790 1144 vim
811 1099 879 1144 non
894 1081 1080 1145 certissime
1094 1080 1278 1143 delinitam.
1291 1081 1407 1163 ltaque
1423 1082 1576 1146 deliacus

402 1178 519 1241 titulus
533 1178 814 1243 necessitudinem
830 1179 1012 1261 quamdam
1025 1178 1154 1241 obtinet
1168 1195 1245 1241 carm
1259 1178 1301 1240 iis
1314 1182 1372 1261 qui
1388 1177 1489 1243 Mileti
1506 1186 1575 1243 aut

402 1275 443 1339 ad
453 1275 779 1352 Abu-simbolautin
789 1274 873 1340 Melo
883 1275 1057 1358 Theraque
1071 1275 1191 1339 insulis
1200 1282 1278 1339 sunt
1292 1276 1432 1351 inventi,
1444 1279 1575 1359 quique
1607 1311 1614 1323 ·

401 1372 464 1449 LX,
481 1373 506 1437 L
526 1379 558 1437 et
584 1372 636 1437 XL
659 1373 905 1456 olympiadibus
927 1381 1007 1437 sunt
1027 1374 1195 1457 aequales,
1223 1378 1282 1437 aut
1302 1373 1344 1436 iis
1362 1374 1575 1457 antiquiores

402 1472 504 1535 etiam
519 1472 573 1553 (l).
1478 1459 1482 1467 ’

441 1568 611 1633 Scribandi
625 1588 759 1654 qnoque
776 1568 941 1634 rationem
958 1568 1206 1633 animadvertas
1222 1590 1229 1632 :
1257 1586 1337 1633 nam
1350 1568 1480 1651 primus
1493 1569 1574 1653 qui·

401 1666 478 1731 dem
494 1686 612 1732 versus
627 1687 645 1732 a
659 1668 793 1733 sinistra
809 1668 850 1732 ad
864 1669 1016 1732 dextram
1030 1666 1150 1749 pergit,
1167 1668 1333 1731 secundus
1343 1668 1573 1745 sinistrorsus,

400 1776 579 1849 εουστροφηδὸν
595 1774 632 1831 ut
658 1766 796 1839 elicitum
821 1767 856 1829 in
880 1766 998 1829 ultimo
1020 1783 1101 1829 vero
1124 1783 1192 1830 non
1215 1784 1334 1829 cursus
1354 1767 1457 1831 mode
1481 1767 1571 1832 litte·

400 1883 516 1930 rarum
539 1870 699 1943 mutatus,
713 1866 771 1930 sed
790 1866 901 1946 llgura
923 1866 996 1947 ipsa
1008 1868 1060 1927 est
1080 1864 1214 1927 inversa
1224 1865 1278 1946 (Ξ).
1302 1864 1364 1941 Qui
1381 1865 1571 1947 scripturae

400 1963 507 2026 llexns
523 1962 660 2027 invasis
686 1963 855 2027 interdum
883 1966 1072 2036 occurrunt,
1089 1980 1198 2045 neque
1212 1962 1253 2026 ab
1267 1962 1333 2026 illis
1347 1972 1459 2045 ἑλιγμοῖς
1476 1974 1572 2045 sapsa-

400 2070 483 2124 atana
505 2072 623 2145 χαλεποῖς
643 2062 789 2125 multum
804 2061 939 2125 diliorre
954 2059 1120 2138 videntur,
1139 2078 1223 2141 quos
1238 2059 1419 2125 Pausanias
1440 2060 1571 2143 Cypseli

401 2178 497 2223 arcae
527 2160 703 2241 inscriptos
735 2158 816 2224 vidit
830 2159 893 2240 (3);
915 2158 950 2221 in
976 2157 1142 2239 lapidibus
1165 2176 1300 2239 perraro
1323 2158 1566 2236 suntadhibiti,

403 2264 437 2322 et
451 2258 685 2322 vetustissimis
711 2258 846 2341 quidem
861 2258 914 2336 til.
931 2256 969 2319 ln
982 2256 1045 2318 boc
1066 2255 1190 2320 deliaco
1214 2276 1268 2321 res
1285 2276 1326 2322 eo
1352 2258 1428 2339 plus
1443 2263 1568 2329 movet,

402 2358 491 2439 quod
506 2357 673 2439 scalptura
686 2356 936 2421 accuratissima
950 2360 1012 2429 est,
1028 2372 1089 2417 nec
1106 2354 1265 2436 lapicidae
1289 2355 1437 2438 spatium
1452 2354 1568 2431 deluit,

402 2456 460 2520 sed
474 2462 589 2520 contra
603 2454 765 2518 latissime
781 2454 897 2537 patuit.
1326 2498 1331 2506 .

441 2553 491 2617 Ad
507 2554 688 2635 septimum
702 2552 806 2632 igitur
821 2550 993 2615 saeculum
1007 2570 1114 2635 usquo
1132 2551 1321 2642 regreditur
1337 2551 1467 2629 titulus,
1483 2559 1517 2618 et
1530 2552 1568 2617 ad

403 2652 476 2732 eJ'us
490 2652 625 2735 quidem
640 2652 747 2734 prima
764 2650 868 2713 inilia.

442 2748 567 2813 Eodem
583 2749 645 2813 lert
676 2747 855 2822 conclusio,
871 2747 899 2810 si
924 2746 1070 2830 speciem
1092 2749 1198 2831 ipsius
1221 2748 1393 2814 simulacri
1414 2747 1566 2812 intueris.

403 2844 459 2911 Est
469 2847 559 2911 enim
575 2852 693 2930 sponte
707 2865 769 2911 sna
783 2846 876 2918 rude,
895 2864 962 2910 non
985 2844 1151 2911 inscitiam
1166 2867 1208 2911 ex
1220 2848 1384 2912 industria
1398 2847 1567 2921 imitatnr;

403 2945 492 3029 quod
507 2946 715 3009 demonstrat
728 2944 940 3009 consentiens
950 2962 1065 3009 secum
1079 2945 1115 3008 in
1129 2945 1446 3029 omnibuspartibus
1462 2946 1570 3028 impe·

402 3044 488 3121 ritia,
504 3050 537 3108 et
547 3046 706 3126 junctura
717 3042 883 3126 imprimis
893 3060 1044 3124 operum,
1056 3062 1142 3126 qnae
1156 3063 1234 3108 cum
1244 3043 1447 3108 Nicandraea
1460 3049 1570 3107 statua

402 3142 629 3206 continuatam
643 3142 764 3205 seriem
778 3141 937 3215 alliciunt,
948 3148 981 3205 ot
995 3148 1167 3224 praeterea
1176 3141 1349 3207 maeandri
1362 3159 1474 3222 genus
1487 3142 1570 3205 sim-

402 3240 622 3323 plicissimum
639 3241 876 3321 (5).Hecmodo
887 3242 1051 3305 memoria
1065 3242 1249 3307 tenendum
1263 3249 1314 3306 est
1324 3242 1359 3305 in
1369 3241 1570 3322 effingendis

402 3340 597 3403 numinibus
614 3339 882 3422 antiquissimam
897 3339 1105 3421 disciplinam
1120 3340 1216 3423 quasi
1239 3338 1404 3421 religione
1427 3339 1571 3423 quadam

403 3438 527 3503 diutius
549 3444 715 3502 servatam
730 3456 813 3501 osse.

444 3535 550 3617 Igitur
564 3534 747 3599 conterenti
764 3533 983 3598 simulacrum
997 3553 1074 3599 cum
1098 3536 1172 3599 aliis
1195 3534 1344 3599 sincerae
1364 3533 1571 3619 antiquitatis

404 3633 572 3717 operibus,
596 3652 741 3717 quornm
763 3638 853 3697 aetas
873 3633 1028 3707 innotuit,
1057 3634 1170 3698 licebit
1192 3633 1276 3698 illud
1303 3652 1365 3698 suo
1386 3632 1571 3697 ordina‘ac

436 3841 474 3914 (tl
495 3839 650 3901 Kircbholi.
666 3840 784 3897 Studien
797 3857 846 3896 aur
861 3838 954 3897 Gessit.
969 3840 1016 3896 des
1029 3841 1130 3910 prtccb.
1150 3840 1309 3912 Alpltabcts,
1328 3842 1405 3908 1877,
1421 3839 1480 3895 tab.
1498 3842 1523 3894 1.

441 3914 478 3986 (1)
498 3914 538 3968 Ne
552 3912 615 3984 quis
628 3912 663 3967 de
677 3929 761 3967 sensu
777 3911 909 3979 haesitet,
921 3912 1024 3982 gallice
1039 3913 1134 3967 dicam
1150 3929 1157 3967 :
1172 3935 1186 3962 a
1202 3914 1253 3968 Les
1269 3914 1368 3968 lettres
1379 3922 1446 3967 sent
1459 3914 1572 3967 retour-

405 3988 484 4051 nees,
496 3985 525 4039 la
547 3987 605 4039 tete
620 4000 656 4039 en
672 3984 730 4039 bas.
750 4004 764 4033 s

453 4056 480 4127 3)
499 4057 672 4125 Pausan.,v,
690 4058 730 4123 17,
744 4056 771 4110 3.

452 4128 479 4199 1)
498 4128 524 4183 1.
548 4126 579 4182 G.
605 4127 655 4194 A,
676 4128 718 4194 15,
744 4124 891 4195 Corinlbi;
905 4127 949 4194 51,
969 4126 1089 4199 Spartae
1103 4143 1111 4195 ;
1125 4127 1186 4195 3111,
1210 4125 1371 4200 Corcyrae3
1387 4126 1449 4193 lit,
1465 4126 1574 4181 'iberae

405 4199 522 4326 (tlijtulus
544 4198 608 4253 aliis
635 4196 780 4253 recentior
803 4204 866 4263 est).
882 4228 915 4239 -
931 4201 993 4267 370,
1007 4199 1135 4254 Eretriae
1147 4198 1247 4271 (llerns
1268 4202 1335 4254 suut
1349 4198 1452 4270 lapidis
1464 4198 1576 4269 figurae

407 4288 423 4325 e
447 4286 546 4326 narn.

441 4342 477 4411 (5l
501 4270 579 4398 'diem
599 4339 661 4396 lere
679 4340 709 4396 in
732 4339 806 4396 vasis
819 4340 960 4409 invenias,
975 4343 1037 4396 tum
1054 4340 1085 4396 in
1100 4340 1301 4413 antiquissima
1321 4340 1456 4398 Selinusii
1474 4338 1575 4411 templi

405 4418 533 4485 rnetopa.
552 4415 580 4468 et
596 4413 625 4468 in
645 4414 756 4484 pictura
769 4412 895 4485 quadam
914 4413 1095 4483 aegyptiaca,
1108 4429 1182 4485 quae
1207 4417 1324 4481 gentem
1341 4414 1491 4468 asiaticam
1517 4412 1573 4467 mi-

406 4488 541 4558 grantem
558 4484 680 4554 altingit.
693 4486 813 4554 (Perrot,
828 4486 899 4542 lltsl.
913 4484 946 4540 de
958 4484 1042 4551 t'Art,
1057 4500 1075 4545 1,
1089 4501 1118 4558 p.
1132 4482 1221 4553 1516,
1233 4484 1292 4540 tab.
1305 4484 1363 4556 98.)
