3534 5617
727 669 895 736 ...71-

216 833 317 916 gendi
329 834 493 916 magistri,
506 833 586 898 artis
603 838 728 900 certam
750 835 862 916 legem
877 839 1096 917 agnoverant,
1116 853 1201 919 quae
1224 836 1289 900 nisi
1303 854 1379 920 per·

218 935 377 1015 petuitate
398 932 520 996 laboris
535 951 603 997 non
626 932 776 1010 exsistit;
800 933 1059 1016 pulchritudinis
1074 952 1189 997 veram
1210 940 1378 1010 naturam,

218 1050 303 1115 quae
319 1030 501 1095 subtillime
516 1035 567 1095 est
580 1034 624 1109 et,
642 1030 671 1095 si
695 1030 750 1096 vel
779 1031 975 1095 tenuissima
997 1031 1225 1113 praetenditur
1248 1032 1382 1112 umbra,

218 1148 287 1193 non
303 1128 503 1211 resplendet.

258 1226 386 1291 Miraris
412 1226 500 1310 quod
515 1226 643 1291 tamdiu
663 1228 697 1290 in
718 1228 948 1311 protendendo
970 1229 1105 1293 brachio
1124 1228 1383 1313 diducendisque

218 1322 370 1389 cruribus
395 1324 583 1389 laboratum
597 1332 665 1403 est3
687 1326 791 1392 immo
812 1326 942 1390 doricae
957 1326 1133 1392 columnae
1155 1329 1244 1394 vices
1266 1328 1384 1392 memi-

218 1422 319 1486 neris.
349 1420 455 1501 Quam
482 1428 655 1488 strenuam
685 1424 956 1508 pertinacemque
986 1443 1124 1507 operam
1146 1425 1384 1508 impenderunt

219 1520 342 1599 Graeci,
359 1541 426 1587 non
440 1526 477 1586 ul
492 1540 600 1602 genus
616 1522 817 1591 invenirent.
833 1522 890 1587 sed
910 1522 1036 1587 inventi
1052 1528 1089 1587 ut
1108 1522 1381 1607 enrhytbymiam

218 1624 455 1703 temperarent,
475 1620 635 1684 striarum
652 1620 786 1705 justum
809 1638 1002 1698 numerum,
1024 1621 1381 1703 modulorumjustam

218 1719 383 1782 rationem
399 1716 599 1797 conderent;
615 1736 716 1801 quam
732 1719 898 1782 obstinata
910 1719 1093 1784 subtilitate
1108 1720 1218 1784 trunci
1227 1720 1383 1797 entesim,

218 1815 326 1879 echini
340 1815 526 1893 circuitum,
543 1816 633 1880 abaci
650 1815 904 1881 crassitudinem
919 1817 1203 1882 concinnaverunt
1217 1818 1273 1900 (l)l

259 1914 291 1979 Si
317 1914 380 1979 hoc
403 1915 494 1979 laudi
530 1916 593 1980 luit
616 1914 796 1997 Polycleto,
828 1914 954 1979 summi
980 1914 1109 1996 ingenii
1138 1916 1222 1990 viro,
1248 1917 1383 1982 Phidiae

219 2013 349 2096 aequali
363 2016 463 2095 atque
476 2014 621 2089 aemulo,
635 2014 723 2096 quod
733 2014 935 2093 excogitavit
949 2018 987 2077 ut
1000 2032 1070 2077 uno
1084 2032 1181 2078 crure
1191 2014 1384 2080 insisterent

220 2112 328 2191 signa,
344 2111 435 2175 vides
453 2112 613 2193 quamdiu
630 2111 664 2173 in
679 2110 816 2194 antiquo
833 2111 898 2174 ritu
912 2115 1163 2192 perseveratum
1172 2112 1273 2176 luerit
1287 2116 1341 2193 (2).
1436 2098 1438 2106 ’

261 2208 382 2274 Verum
397 2228 439 2272 ex
454 2210 492 2271 iis
508 2208 695 2273 simulacris
709 2208 903 2291 exemplum
918 2226 1052 2272 sumere
1076 2208 1162 2287 licet,
1180 2228 1265 2294 qnae
1279 2209 1384 2274 delia-

147 2306 150 2317 '
221 2325 337 2371 comm
350 2306 589 2371 recentioribus
613 2306 735 2371 similia
752 2312 842 2381 sunt,
863 2305 1098 2370 diversissimis
1119 2308 1201 2371 locis
1219 2325 1384 2389 provene-

220 2408 300 2468 runt
317 2409 436 2488 :typus
450 2405 516 2468 late
531 2410 732 2485 pervagatus
746 2406 808 2480 est,
825 2404 880 2469 din
895 2402 1015 2484 viguit,
1028 2408 1102 2467 tum
1115 2398 1257 2488 denique
1271 2406 1385 2470 lloruit

221 2520 298 2566 cnm
312 2521 366 2567 ars
393 2503 591 2585 pubescebat
605 2506 638 2567 et
659 2508 790 2567 matura
810 2500 880 2567 fere
908 2506 1000 2579 erat;
1026 2506 1174 2566 attamen
1191 2502 1246 2566 vix
1269 2500 1305 2566 in
1318 2500 1383 2565 mi·
1437 2574 1439 2586 Ι

221 2602 322 2666 nimis
335 2602 535 2665 immutatus
549 2606 610 2665 est.

260 2698 346 2763 Haec
360 2699 530 2781 reputanti
544 2698 627 2762 mihi
642 2716 788 2782 aequum
802 2697 1016 2763 videturesse
1026 2716 1187 2779 magnam
1199 2696 1269 2763 vim
1284 2702 1383 2783 atque

219 2798 453 2861 auctoritatem
481 2796 515 2859 in
545 2795 776 2878 antiquissima
797 2802 867 2860 arte
892 2795 1011 2860 tradito
1029 2797 1116 2859 mori
1131 2795 1322 2869 concedere,
1348 2796 1383 2859 in

218 2894 446 2957 mutationum
461 2892 614 2957 tarditate
636 2911 704 2957 non
719 2894 896 2957 offendere.
914 2890 984 2956 llos
1008 2898 1087 2956 tuno
1105 2911 1144 2956 eo
1161 2893 1290 2957 facilius
1304 2894 1383 2959 eill-

219 3090 304 3155 tarlo
314 3089 436 3171 jurein
451 3088 570 3154 iisdem
584 3088 739 3170 gentibus
755 3090 974 3169 servabantur
985 3094 1018 3152 et
1032 3108 1052 3151 a
1066 3086 1216 3170 patribus
1231 3088 1272 3151 ad
1294 3088 1381 3151 illios

219 3190 406 3254 transibant
425 3190 479 3269 (3).
507 3187 582 3253 Fuit
604 3190 705 3253 etiam
728 3188 893 3253 retinendi
916 3190 1021 3253 moris
1035 3188 1101 3252 alie
1120 3206 1232 3263 causa,
1246 3186 1377 3268 religio,

220 3306 298 3352 cum
310 3286 542 3370 antiquissima
551 3306 702 3369 quaeque
711 3287 889 3350 simulacra
898 3286 960 3349 diis
970 3286 1167 3368 plerumque
1180 3285 1378 3358 dicerentur,

220 3386 300 3450 deos
311 3384 523 3466 potissimum
538 3385 765 3466 exprimerent
780 3386 833 3468 (t).
855 3384 956 3466 Atqui
970 3382 1039 3459 illa,
1065 3401 1151 3467 quae
1176 3382 1244 3447 nali
1266 3401 1380 3465 prove

220 3486 355 3559 nerunt,
371 3482 451 3545 deae
467 3500 541 3546 esse
555 3482 685 3563 efligies
700 3482 867 3546 constitui.

256 3658 280 3729 (l
315 3658 408 3729 Benle,
429 3661 647 3717 L'Arcbitecture
669 3678 707 3716 ou
728 3663 805 3717 siecle
829 3662 862 3717 de
886 3663 1028 3717 Pisistrato
1049 3661 1111 3734 (Ch.
1129 3662 1162 3728 ll,
1191 3658 1312 3716 Histoire
1345 3658 1381 3715 da

220 3730 274 3824 l'pr
310 3729 460 3803 edorique
485 3748 537 3804 par
558 3732 599 3789 les
620 3732 824 3806 proportione),
836 3751 867 3806 p.
888 3736 922 3789 33
941 3750 1016 3805 sqq.;
1035 3732 1073 3787 cf.
1088 3732 1251 3803 Collignon,
1269 3732 1380 3787 Monuel

220 3802 394 3954 digikl’lffi:
406 3818 442 3933 ᾖ.
450 3804 602 3945 ffisfflin,
617 3876 650 3930 56
667 3890 674 3929 2
690 3896 704 3925 a
715 3874 868 3948 Proprium
879 3875 940 3947 ejus
951 3878 994 3931 est
1004 3890 1063 3930 uno
1074 3890 1157 3930 crure
1172 3877 1203 3929 ut
1216 3871 1383 3929 insisterent

219 3947 538 4096 Βιῗὲῑὲζὲᾙῗῗὸεἳηῖ
552 4016 638 4071 ldelas
660 4016 793 4089 filiusque
812 4016 872 4089 ejus
894 4034 928 4073 ac
949 4033 1040 4100 nepos
1063 4018 1304 4088 pronepotesque,
1331 4020 1382 4071 aut

220 4100 310 4154 argivi
335 4087 457 4141 artifices
485 4108 499 4136 «
511 4088 536 4140 τέ
555 4107 598 4140 ναν
621 4086 708 4149 εἰδότες
723 4086 748 4141 ἔκ
757 4090 878 4161 προτέρων
895 4111 910 4139 »
931 4088 1033 4160 (Plan,
1052 4090 1086 4144 N.
1101 4089 1148 4151 H.,
1163 4104 1257 4155 xxxvi,
1277 4089 1379 4154 n-le;

220 4158 352 4222 Pansam,
367 4173 404 4225 vr,
425 4161 466 4219 10,
477 4160 528 4227 ll).
569 4158 587 4213 f.
603 4158 761 4223 Ouerbeclr,
777 4158 926 4215 descitum·
937 4176 980 4227 qr.
991 4158 1107 4224 Plostilr,
1123 4176 1143 4225 1,
1159 4174 1186 4229 p.
1204 4160 1248 4213 60.

258 4224 295 4298 (4)
306 4227 338 4283 0.
350 4228 477 4301 Mueller,
491 4228 612 4297 flando,
622 4246 650 4301 p.
663 4230 697 4285 42
709 4248 716 4286 :
727 4252 741 4279 α
752 4230 789 4285 So
803 4231 914 4285 scheint
924 4231 970 4285 ein
980 4229 1219 4291 rundes,lilrsich
1229 4224 1382 4283 stehendes

221 4296 294 4364 Bild,
308 4299 427 4353 welches
449 4300 516 4354 hein
538 4300 713 4371 Tempelidol
739 4316 808 4367 war,
830 4300 859 4353 in
877 4299 1087 4358 Griecbenland
1109 4301 1196 4373 lange
1210 4298 1272 4355 zen
1294 4302 1381 4359 etwas

221 4370 392 4426 unerhdrtes
406 4386 536 4445 genesen
550 4388 583 4429 zu
601 4372 672 4427 sein.
693 4393 708 4422 »
728 4370 769 4429 cf.
791 4386 819 4446 p.
832 4372 867 4427 44
877 4389 940 4451 sqq.
