3534 5617
561 1076 718 1154 CAPUT
732 1078 954 1155 TERTIUM

176 1352 252 1421 Quid
273 1354 313 1413 ad
336 1356 586 1415 conscribendam
618 1360 796 1433 sculpturae
830 1376 958 1435 graecae
986 1363 1150 1423 historiam
1177 1364 1341 1423 simulacra

208 1454 327 1513 deliaca
361 1456 533 1515 conterant.
570 1490 604 1499 -
646 1462 802 1529 Quomodo
832 1464 910 1521 artis
947 1464 1159 1523 informandae
1187 1464 1338 1523 rationem

207 1553 430 1613 demonstrent.
443 1586 477 1599 -
496 1559 519 1613 ii
538 1558 647 1629 quibus
678 1560 835 1633 principiis
856 1562 1008 1637 originem
1029 1562 1153 1624 ducant.
1173 1594 1209 1607 -
1224 1566 1338 1635 Quibus

207 1650 408 1725 temporibus,
434 1654 580 1725 quibusve
595 1656 668 1714 locis
683 1658 744 1715 sint
758 1659 909 1719 conlecta.
930 1693 959 1707 -
987 1661 1063 1732 Quid
1073 1662 1112 1722 de
1126 1662 1274 1723 asiaticae
1288 1662 1341 1721 aut

208 1750 408 1823 aegyptiacae
427 1754 612 1849 ¹sculpturae
645 1755 727 1828 apud
757 1757 987 1831 antiquissimos
1018 1761 1153 1821 artifices
1180 1761 1212 1821 vi
1248 1761 1341 1835 atque

211 1848 396 1909 auctoritate
425 1850 568 1911 doceant.

216 2762 261 2829 lle
274 2764 403 2830 ratione
416 2764 657 2851 interpretandi
671 2765 758 2831 docti
779 2766 815 2830 ln
840 2765 990 2831 diversas
1011 2772 1123 2851 parles
1146 2764 1340 2851 disputave-

176 2866 274 2938 runt;
289 2862 359 2944 qui,
371 2882 448 2928 cum
463 2882 482 2928 a
496 2882 551 2929 me
565 2864 775 2939 dissentiunt,
789 2869 862 2928 tum
876 2864 964 2928 inter
978 2880 1052 2929 sese
1066 2882 1135 2929 non
1151 2863 1341 2930 concinunt.

176 2959 244 3024 Hoc
257 2979 337 3025 uero
352 2961 506 3027 convenit
521 2961 699 3028 simulacra
711 2963 836 3027 deliaca
847 2980 921 3027 esse
935 2961 1136 3043 gravissima
1153 2962 1344 3046 sculpturae

176 3075 315 3138 graecae
329 3058 539 3138 documenta,
555 3069 587 3125 et
601 3080 687 3145 quae
701 3060 742 3125 ad
756 3060 837 3124 artis
852 3059 1111 3142 hujnsorigines
1126 3060 1343 3125 illustrandas

177 3154 362 3237 plurimum
372 3158 562 3222 conterant:
577 3176 662 3241 quae
676 3176 731 3223 res
743 3156 883 3221 maximi
894 3162 945 3221 est
954 3157 1129 3232 momenti,
1140 3156 1344 3222 enominum

177 3259 378 3333 argumento
392 3254 532 3321 minime
547 3256 680 3339 pendet.
698 3256 770 3321 Sint
783 3255 875 3319 enim
897 3253 1018 3319 Veneri
1041 3260 1100 3319 aut
1127 3254 1258 3332 Dianae,
1276 3255 1344 3320 siut

178 3351 259 3417 deae
273 3356 332 3417 aut
344 3353 480 3417 mortali
501 3354 713 3435 attingendae
730 3358 899 3437 concepta,
916 3352 1136 3417 nihilominus
1152 3353 1344 3418 similitudi-

178 3465 262 3513 num
275 3449 651 3535 dissimilitudinumque
680 3450 873 3515 continuata
886 3450 972 3514 serie
995 3456 1028 3514 et
1041 3449 1234 3534 disciplinae
1244 3456 1344 3515 lenc·

177 3564 251 3611 rem
265 3547 456 3624 ostendunt,
473 3552 506 3612 et
519 3564 716 3632 processum
727 3547 856 3630 ingenii
877 3547 1080 3629 significant,
1091 3566 1180 3614 nova
1209 3566 1343 3632 semper

176 3644 346 3709 molientis
361 3663 409 3725 ac,
435 3650 556 3711 natura
584 3646 678 3723 duee,
707 3648 886 3712 veritatem
917 3645 1268 3729 pulchritudinemque
1289 3664 1345 3711 se·

178 3740 453 3825 quentislmnm,
469 3741 497 3805 si
507 3744 579 3825 jam
594 3742 779 3809 constiterit
799 3748 920 3826 lypum
942 3742 977 3805 in
992 3742 1196 3823 promiscuo,
1219 3759 1345 3806 nomen
1449 3772 1456 3783 ‚

177 3842 213 3905 in
235 3838 363 3903 incerto
386 3856 459 3904 csso
474 3840 743 3925 relinquendum,
766 3840 821 3907 vel
839 3840 904 3905 hoc
917 3839 1036 3904 studiis
1074 3840 1188 3903 minus
1215 3840 1348 3905 cillocre

102 4014 106 4024 .
177 3954 282 4019 quam
298 3936 486 4003 conducere
502 3938 669 4003 videatur.

218 4032 370 4099 Primum
396 4035 568 4101 animilia
595 4036 853 4102 simulacrorum
876 4035 977 4100 dubia
1002 4034 1201 4118 lullnltaque
1226 4040 1349 4099 natura

178 4131 260 4196 erlis
274 4132 536 4198 imbecillitatem
550 4133 669 4215 prodit,
688 4150 798 4217 neque
812 4132 1020 4210 inventione,
1032 4139 1142 4216 neque
1153 4131 1285 4215 opitlcic
1299 4133 1348 4197 ic-

176 4228 260 4295 licis.
276 4228 408 4295 Summi
423 4232 560 4314 quidem
572 4231 715 4297 artifices
728 4236 913 4314 potuerunt
934 4231 1128 4296 absolutum
1148 4248 1187 4295 ac
1201 4247 1281 4295 vere
1294 4230 1348 4295 di-

176 4326 296 4391 vinum
306 4330 491 4412 majestatis
513 4330 688 4414 exemplar
716 4330 915 4405 informare,
941 4348 1008 4413 quo
1032 4344 1159 4393 numen
1177 4327 1349 4411 exprima-

178 4430 266 4501 rent;
280 4431 462 4509 potuerunt
477 4427 580 4491 etiam
593 4426 781 4492 termarum
794 4425 994 4490 tenuissima
1009 4424 1209 4502 discrimina,
1218 4423 1345 4499 vultus,

179 4521 325 4603 babitus,
340 4528 468 4607 gestus,
484 4524 633 4608 corperis
646 4524 790 4609 deniqne
804 4523 913 4590 varias
925 4522 1055 4589 indoles
1063 4521 1150 4588 mira
1164 4521 1346 4597 subtilitate
