3534 5617
902 642 1047 710 ..8-

389 809 591 894 Jampridam
610 812 721 885 notus,
739 806 797 892 qui
820 804 891 871 Itali
903 804 976 871 basi
997 804 1178 887 inscriptus
1195 807 1247 869 est
1266 803 1321 887 (t),
1340 806 1375 869 et
1395 802 1559 886 ingentia·

391 909 486 974 humi
496 906 652 992 jacentia,
667 906 789 971 rudera
801 902 932 981 colossi,
949 903 1008 986 qui
1021 902 1190 986 quondam
1204 901 1283 966 huic.
1293 900 1365 965 basi
1382 901 1557 968 insidebat.

391 1008 515 1075 Verum
529 1008 590 1073 deo
604 1004 740 1071 colendo
754 1008 788 1069 at
808 1002 884 1068 urbi
898 1001 1111 1067 exornandae
1133 1001 1320 1083 plurimum
1343 1001 1560 1067 coutulerunt

394 1106 463 1173 Chii
472 1106 558 1185 illi,e
572 1104 699 1170 Malana
714 1101 856 1181 oriundi,
869 1101 1032 1165 artifices:
1049 1117 1131 1164 nam
1145 1105 1179 1164 et
1189 1098 1363 1164 Archermi
1378 1117 1480 1182 opera
1489 1098 1559 1166 [leli

357 1228 361 1238 ⁴
393 1205 548 1283 foeteat
574 1203 672 1287 plura
694 1202 772 1267 huic
791 1201 923 1265 insulas
944 1199 1041 1281 signa
1054 1199 1172 1265 fecisse
1194 1195 1360 1281 Bupalum
1375 1202 1559 1265 auctorest

394 1302 522 1369 Plinius
538 1302 589 1385 (ἰ).
1412 1301 1416 1306 “

433 1401 556 1466 Idcirco
584 1414 729 1483 magnus
752 1396 830 1465 llslo
857 1397 987 1463 insulae
1018 1396 1054 1461 in
1076 1412 1215 1479 graecae
1238 1394 1319 1459 artis
1335 1394 1475 1460 historia
1496 1395 1556 1459 tri·

393 1500 546 1566 brandus
559 1499 663 1573 locus,
680 1515 749 1563 non
762 1501 800 1562 ut
821 1496 973 1561 oftlcinae
987 1500 1187 1569 statuarum,
1203 1492 1262 1558 sed
1278 1497 1317 1558 ut
1336 1494 1555 1576 receptaculo,

393 1601 437 1674 et,
465 1597 749 1681 quemadmodum
773 1593 884 1672 Chius,
905 1593 1018 1660 Naxus
1037 1592 1197 1676 Cretaque
1225 1603 1372 1677 ἐργαστήρια
1394 1592 1458 1656 dici
1482 1609 1556 1676 pos·

393 1700 481 1769 sunt,
498 1694 664 1778 inquibus
687 1692 810 1759 eximia
834 1708 987 1775 quaeque
1003 1709 1105 1773 opera
1127 1692 1256 1766 flerent,
1275 1692 1323 1756 sic
1341 1690 1440 1756 Delus
1462 1690 1557 1775 qnasi

394 1805 510 1876 μουσεῖον
537 1792 640 1856 fuisse
665 1790 806 1864 videtur,
823 1789 858 1853 iu
881 1808 948 1874 quo
976 1789 1113 1854 collecta
1139 1790 1245 1855 oculis
1276 1794 1557 1873 proponerentur.

389 1890 562 1975 Nusquam
576 1890 683 1973 igitur
697 1891 819 1955 melius
833 1890 1040 1971 intelligeres
1054 1889 1176 1971 quibus
1195 1906 1251 1953 ars
1265 1889 1412 1973 protacta
1435 1888 1557 1973 prioci-

390 1988 464 2072 piis‚
497 2005 579 2071 quas
609 1988 764 2070 ingressa
791 1988 873 2062 vias,
903 1986 1065 2069 paulatim
1094 2003 1173 2050 cum
1198 1986 1239 2050 ad
1266 1986 1454 2061 veritatem,
1482 1991 1557 2051 tum

389 2086 431 2151 ad
448 2086 731 2170 pulchritudinem
745 2085 971 2169 parvenisset;
994 2102 1074 2149 nam
1096 2083 1356 2149 simulacrorum
1375 2084 1478 2150 series
1490 2103 1556 2149 nu·

390 2203 486 2250 mero
501 2186 736 2270 plurimorum,
752 2190 903 2268 tempore
930 2184 1154 2261 diversorum,
1168 2184 1356 2249 studiorum
1380 2185 1556 2249 continua-

392 2284 475 2349 tioni
497 2284 730 2365 respondebat,
745 2288 779 2348 et
811 2281 972 2367 quidquid
990 2282 1026 2347 in
1046 2281 1117 2348 dies
1131 2283 1348 2348 immutatum
1359 2283 1557 2367 perfectum·

394 2401 459 2467 que
473 2388 544 2447 erat
558 2381 763 2447 ostendebat.

434 2481 498 2546 Sed
516 2480 632 2546 eadem
654 2485 689 2545 et
710 2480 892 2557 arausicae,
908 2499 992 2564 quae
1016 2479 1147 2559 dicitur,
1163 2481 1238 2558 arti,
1265 2487 1298 2547 at
1319 2482 1555 2565 ionicae,quao

393 2578 544 2652 habetur,
569 2577 760 2661 disciplinae
783 2579 1032 2660 cognoscendae
1058 2579 1271 2661 potissimum
1307 2579 1445 2663 proluit,
1480 2597 1555 2645 moa

393 2675 528 2761 quidem
552 2676 737 2751 seutentia;
769 2694 846 2741 oum
866 2676 980 2751 simut,
996 2677 1113 2761 priscis
1128 2677 1347 2761 temporibus,
1361 2674 1460 2742 Delus
1474 2677 1556 2743 reli-

390 2775 501 2855 gione,
515 2773 646 2838 insulae
672 2773 815 2859 Asiaque
845 2775 957 2841 minor
983 2774 1107 2841 divitiis
1140 2776 1334 2859 artibusque
1364 2776 1552 2857 viguerint;

390 2872 502 2947 simul,
523 2877 665 2937 exeunte
688 2878 782 2937 sexto
803 2878 880 2937 ante
904 2872 978 2937 Ghr.
1003 2873 1147 2949 saeculo,
1164 2873 1417 2939 deflorescentes
1436 2891 1555 2938 conse·

390 2970 536 3033 nuorint.
554 2967 629 3034 lam
643 2988 722 3036 vero
737 2970 918 3036 simulacra
931 2990 951 3036 e
964 2988 1134 3036 marmore
1155 2970 1322 3054 imprimis
1335 2971 1555 3037 abundavisse

391 3066 558 3132 videntur.

961 3388 989 3455 ll

433 3708 474 3775 Ut
489 3710 546 3774 tali
560 3729 619 3794 spo
631 3712 673 3778 ad
689 3714 855 3797 templum
869 3713 1034 3798 Apollinis
1047 3714 1319 3798 investigandum
1345 3714 1553 3799 impellebar,

391 3808 438 3872 ita
459 3814 609 3874 mentem
631 3811 763 3876 subibat
785 3812 1051 3878 dubitationum
1073 3831 1191 3879 eversa
1211 3814 1408 3879 tundituset
1421 3814 1554 3897 saepius

389 3906 517 3988 direpta
541 3906 651 3972 insula
671 3908 854 3993 quidquam
878 3910 987 3976 adhuc
1019 3913 1224 3992 reconderet,
1245 3912 1339 3977 tenui
1358 3912 1555 3996 praesertim

387 4005 571 4069 admodum
594 4005 711 4071 humo.
728 4007 799 4085 Qua
822 4008 958 4091 quidem
973 4028 1053 4074 cura
1075 4010 1215 4076 feliciter
1234 4015 1411 4094 exemptus
1432 4016 1556 4076 sumet

389 4102 529 4183 contigit
554 4122 573 4167 a
595 4104 771 4169 ruinarum
795 4108 902 4171 ruinis
927 4113 1060 4190 sperata
1086 4108 1276 4185 simulacra,
1304 4109 1556 4191 antiquissimae

389 4199 591 4266 Graecorum
600 4202 681 4266 artis
690 4207 803 4282 testes,
813 4205 969 4269 excitare.
980 4204 1130 4289 Namque
1140 4206 1327 4289 exploranti
1338 4206 1421 4271 mihi
1430 4206 1553 4281 locum,

388 4298 446 4382 qui
458 4298 578 4364 litteris
593 4299 615 4364 S
629 4298 696 4377 Qin
710 4299 852 4367 Blouetii
865 4301 1110 4386 ichnographia
1125 4304 1176 4388 (3)
1190 4304 1395 4386 designatur,
1412 4304 1555 4370 occurrit

423 4460 464 4677 ἑὲ)
480 4460 567 4601 iiiii
582 4460 781 4604 irs'lioiiid,
803 4536 846 4603 ra,
860 4538 905 4593 ra.

436 4605 452 4659 3
481 4602 587 4676 sapsa
601 4607 724 4675 serentis.
739 4606 771 4663 ds
783 4608 881 4677 Moru,
897 4622 940 4678 ιιι,
953 4609 1013 4667 tab.
1029 4626 1059 4666 ιι.
